[{"user_num":"1074","create_time":"1544663695","status":"1","id":"1","start_time":"2012-08-31 00:00:00","org_id":"","org_name":"北京爱皮特科技有限公司","revenue":"2609.03","income":"5797","month":"08","is_channel":"1","detail_report_path":"北京爱皮特科技有限公司/1208.xls","check_status":"1","buzz_type":"全曲","down_num":"5797","demo_num":"155409"},{"user_num":"31726","create_time":"1544663696","status":"1","id":"2","start_time":"2013-01-31 00:00:00","org_id":"","org_name":"北京掌中浩阅科技有限公司","revenue":"74743","income":"166095","month":"01","is_channel":"1","detail_report_path":"北京掌中浩阅科技有限公司/1301.xls","check_status":"1","buzz_type":"全曲","down_num":"166095","demo_num":"4452138"},{"user_num":"25270","create_time":"1544663696","status":"1","id":"3","start_time":"2013-02-28 00:00:00","org_id":"","org_name":"北京掌中浩阅科技有限公司","revenue":"58483","income":"129962","month":"02","is_channel":"1","detail_report_path":"北京掌中浩阅科技有限公司/1302.xls","check_status":"1","buzz_type":"全曲","down_num":"129962","demo_num":"3483596"},{"user_num":"24500","create_time":"1544663697","status":"1","id":"4","start_time":"2013-03-31 00:00:00","org_id":"","org_name":"北京掌中浩阅科技有限公司","revenue":"56798","income":"126217","month":"03","is_channel":"1","detail_report_path":"北京掌中浩阅科技有限公司/1303.xls","check_status":"1","buzz_type":"全曲","down_num":"126217","demo_num":"3383227"},{"user_num":"27616","create_time":"1544663697","status":"1","id":"5","start_time":"2013-04-30 00:00:00","org_id":"","org_name":"北京掌中浩阅科技有限公司","revenue":"63743","income":"141651","month":"04","is_channel":"1","detail_report_path":"北京掌中浩阅科技有限公司/1304.xls","check_status":"1","buzz_type":"全曲","down_num":"141651","demo_num":"3796912"},{"user_num":"27475","create_time":"1544663698","status":"1","id":"6","start_time":"2013-05-31 00:00:00","org_id":"","org_name":"北京掌中浩阅科技有限公司","revenue":"63263","income":"140584","month":"05","is_channel":"1","detail_report_path":"北京掌中浩阅科技有限公司/1305.xls","check_status":"1","buzz_type":"全曲","down_num":"140584","demo_num":"3768321"},{"user_num":"21728","create_time":"1544663698","status":"1","id":"7","start_time":"2013-06-30 00:00:00","org_id":"","org_name":"北京掌中浩阅科技有限公司","revenue":"50926","income":"113168","month":"06","is_channel":"1","detail_report_path":"北京掌中浩阅科技有限公司/1306.xls","check_status":"1","buzz_type":"全曲","down_num":"113168","demo_num":"3033456"},{"user_num":"19924","create_time":"1544663698","status":"1","id":"8","start_time":"2013-07-31 00:00:00","org_id":"","org_name":"北京掌中浩阅科技有限公司","revenue":"46756","income":"103902","month":"07","is_channel":"1","detail_report_path":"北京掌中浩阅科技有限公司/1307.xls","check_status":"1","buzz_type":"全曲","down_num":"103902","demo_num":"2785066"},{"user_num":"14412","create_time":"1544663699","status":"1","id":"9","start_time":"2013-08-31 00:00:00","org_id":"","org_name":"北京掌中浩阅科技有限公司","revenue":"34121","income":"75824","month":"08","is_channel":"1","detail_report_path":"北京掌中浩阅科技有限公司/1308.xls","check_status":"1","buzz_type":"全曲","down_num":"75824","demo_num":"2032450"},{"user_num":"12734","create_time":"1544663699","status":"1","id":"10","start_time":"2013-09-30 00:00:00","org_id":"","org_name":"北京掌中浩阅科技有限公司","revenue":"30301","income":"67335","month":"09","is_channel":"1","detail_report_path":"北京掌中浩阅科技有限公司/1309.xls","check_status":"1","buzz_type":"全曲","down_num":"67335","demo_num":"1804908"},{"user_num":"11769","create_time":"1544663700","status":"1","id":"11","start_time":"2013-10-31 00:00:00","org_id":"","org_name":"北京掌中浩阅科技有限公司","revenue":"27914","income":"62031","month":"10","is_channel":"1","detail_report_path":"北京掌中浩阅科技有限公司/1310.xls","check_status":"1","buzz_type":"全曲","down_num":"62031","demo_num":"1662724"},{"user_num":"9614","create_time":"1544663700","status":"1","id":"12","start_time":"2013-11-30 00:00:00","org_id":"","org_name":"北京掌中浩阅科技有限公司","revenue":"22792","income":"50648","month":"11","is_channel":"1","detail_report_path":"北京掌中浩阅科技有限公司/1311.xls","check_status":"1","buzz_type":"全曲","down_num":"50648","demo_num":"1357627"},{"user_num":"7224","create_time":"1544663700","status":"1","id":"13","start_time":"2013-12-31 00:00:00","org_id":"","org_name":"北京掌中浩阅科技有限公司","revenue":"17394","income":"38653","month":"12","is_channel":"1","detail_report_path":"北京掌中浩阅科技有限公司/1312.xls","check_status":"1","buzz_type":"全曲","down_num":"38653","demo_num":"1036090"},{"user_num":"7327","create_time":"1544663701","status":"1","id":"14","start_time":"2014-01-31 00:00:00","org_id":"","org_name":"北京掌中浩阅科技有限公司","revenue":"17797","income":"39548","month":"01","is_channel":"1","detail_report_path":"北京掌中浩阅科技有限公司/1401.xls","check_status":"1","buzz_type":"全曲","down_num":"39548","demo_num":"1060095"},{"user_num":"5830","create_time":"1544663701","status":"1","id":"15","start_time":"2014-02-28 00:00:00","org_id":"","org_name":"北京掌中浩阅科技有限公司","revenue":"14066","income":"31257","month":"02","is_channel":"1","detail_report_path":"北京掌中浩阅科技有限公司/1402.xls","check_status":"1","buzz_type":"全曲","down_num":"31257","demo_num":"837854"},{"user_num":"6497","create_time":"1544663701","status":"1","id":"16","start_time":"2014-03-31 00:00:00","org_id":"","org_name":"北京掌中浩阅科技有限公司","revenue":"15526","income":"34502","month":"03","is_channel":"1","detail_report_path":"北京掌中浩阅科技有限公司/1403.xls","check_status":"1","buzz_type":"全曲","down_num":"34502","demo_num":"924821"},{"user_num":"32461","create_time":"1544663702","status":"1","id":"17","start_time":"2012-10-31 00:00:00","org_id":"","org_name":"广西壮族自治区公众信息产业有限公司","revenue":"76224.97","income":"169388","month":"10","is_channel":"1","detail_report_path":"广西壮族自治区公众信息产业有限公司/1210.xls","check_status":"1","buzz_type":"全曲","down_num":"169388","demo_num":"4540413"},{"user_num":"30579","create_time":"1544663702","status":"1","id":"18","start_time":"2012-11-30 00:00:00","org_id":"","org_name":"广西壮族自治区公众信息产业有限公司","revenue":"72089.97","income":"160199","month":"11","is_channel":"1","detail_report_path":"广西壮族自治区公众信息产业有限公司/1211.xls","check_status":"1","buzz_type":"全曲","down_num":"160199","demo_num":"4294108"},{"user_num":"29477","create_time":"1544663702","status":"1","id":"19","start_time":"2012-12-31 00:00:00","org_id":"","org_name":"广西壮族自治区公众信息产业有限公司","revenue":"68688.36","income":"152640","month":"12","is_channel":"1","detail_report_path":"广西壮族自治区公众信息产业有限公司/1212.xls","check_status":"1","buzz_type":"全曲","down_num":"152640","demo_num":"4091488"},{"user_num":"28351","create_time":"1544663703","status":"1","id":"20","start_time":"2013-01-31 00:00:00","org_id":"","org_name":"广西壮族自治区公众信息产业有限公司","revenue":"65358.54","income":"145241","month":"01","is_channel":"1","detail_report_path":"广西壮族自治区公众信息产业有限公司/1301.xls","check_status":"1","buzz_type":"全曲","down_num":"145241","demo_num":"3893144"},{"user_num":"7069","create_time":"1544663703","status":"1","id":"21","start_time":"2013-02-28 00:00:00","org_id":"","org_name":"广西壮族自治区公众信息产业有限公司","revenue":"16906.76","income":"37570","month":"02","is_channel":"1","detail_report_path":"广西壮族自治区公众信息产业有限公司/1302.xls","check_status":"1","buzz_type":"全曲","down_num":"37570","demo_num":"1007067"},{"user_num":"25781","create_time":"1544663703","status":"1","id":"22","start_time":"2013-03-31 00:00:00","org_id":"","org_name":"广西壮族自治区公众信息产业有限公司","revenue":"59881.32","income":"133069","month":"03","is_channel":"1","detail_report_path":"广西壮族自治区公众信息产业有限公司/1303.xls","check_status":"1","buzz_type":"全曲","down_num":"133069","demo_num":"3566888"},{"user_num":"24573","create_time":"1544663704","status":"1","id":"23","start_time":"2013-04-30 00:00:00","org_id":"","org_name":"广西壮族自治区公众信息产业有限公司","revenue":"56905.48","income":"126456","month":"04","is_channel":"1","detail_report_path":"广西壮族自治区公众信息产业有限公司/1304.xls","check_status":"1","buzz_type":"全曲","down_num":"126456","demo_num":"3389629"},{"user_num":"23426","create_time":"1544663704","status":"1","id":"24","start_time":"2013-05-31 00:00:00","org_id":"","org_name":"广西壮族自治区公众信息产业有限公司","revenue":"54497.51","income":"121105","month":"05","is_channel":"1","detail_report_path":"广西壮族自治区公众信息产业有限公司/1305.xls","check_status":"1","buzz_type":"全曲","down_num":"121105","demo_num":"3246196"},{"user_num":"21641","create_time":"1544663704","status":"1","id":"25","start_time":"2013-06-30 00:00:00","org_id":"","org_name":"广西壮族自治区公众信息产业有限公司","revenue":"50444.51","income":"112098","month":"06","is_channel":"1","detail_report_path":"广西壮族自治区公众信息产业有限公司/1306.xls","check_status":"1","buzz_type":"全曲","down_num":"112098","demo_num":"3004775"},{"user_num":"21040","create_time":"1544663705","status":"1","id":"26","start_time":"2013-07-31 00:00:00","org_id":"","org_name":"广西壮族自治区公众信息产业有限公司","revenue":"49382.91","income":"109739","month":"07","is_channel":"1","detail_report_path":"广西壮族自治区公众信息产业有限公司/1307.xls","check_status":"1","buzz_type":"全曲","down_num":"109739","demo_num":"2941540"},{"user_num":"20034","create_time":"1544663705","status":"1","id":"27","start_time":"2013-08-31 00:00:00","org_id":"","org_name":"广西壮族自治区公众信息产业有限公司","revenue":"46550.06","income":"103444","month":"08","is_channel":"1","detail_report_path":"广西壮族自治区公众信息产业有限公司/1308.xls","check_status":"1","buzz_type":"全曲","down_num":"103444","demo_num":"2772799"},{"user_num":"19185","create_time":"1544663705","status":"1","id":"28","start_time":"2013-09-30 00:00:00","org_id":"","org_name":"广西壮族自治区公众信息产业有限公司","revenue":"44637.71","income":"99194","month":"09","is_channel":"1","detail_report_path":"广西壮族自治区公众信息产业有限公司/1309.xls","check_status":"1","buzz_type":"全曲","down_num":"99194","demo_num":"2658888"},{"user_num":"18098","create_time":"1544663706","status":"1","id":"29","start_time":"2013-10-31 00:00:00","org_id":"","org_name":"广西壮族自治区公众信息产业有限公司","revenue":"42157.3","income":"93682","month":"10","is_channel":"1","detail_report_path":"广西壮族自治区公众信息产业有限公司/1310.xls","check_status":"1","buzz_type":"全曲","down_num":"93682","demo_num":"2511140"},{"user_num":"17373","create_time":"1544663706","status":"1","id":"30","start_time":"2013-11-30 00:00:00","org_id":"","org_name":"广西壮族自治区公众信息产业有限公司","revenue":"40467.99","income":"89928","month":"11","is_channel":"1","detail_report_path":"广西壮族自治区公众信息产业有限公司/1311.xls","check_status":"1","buzz_type":"全曲","down_num":"89928","demo_num":"2410514"},{"user_num":"16583","create_time":"1544663706","status":"1","id":"31","start_time":"2013-12-31 00:00:00","org_id":"","org_name":"广西壮族自治区公众信息产业有限公司","revenue":"38879.28","income":"86398","month":"12","is_channel":"1","detail_report_path":"广西壮族自治区公众信息产业有限公司/1312.xls","check_status":"1","buzz_type":"全曲","down_num":"86398","demo_num":"2315881"},{"user_num":"14849","create_time":"1544663706","status":"1","id":"32","start_time":"2014-02-28 00:00:00","org_id":"","org_name":"广西壮族自治区公众信息产业有限公司","revenue":"35184.49","income":"78187","month":"02","is_channel":"1","detail_report_path":"广西壮族自治区公众信息产业有限公司/1402.xls","check_status":"1","buzz_type":"全曲","down_num":"78187","demo_num":"2095797"},{"user_num":"14720","create_time":"1544663707","status":"1","id":"33","start_time":"2014-03-31 00:00:00","org_id":"","org_name":"广西壮族自治区公众信息产业有限公司","revenue":"34677.72","income":"77061","month":"03","is_channel":"1","detail_report_path":"广西壮族自治区公众信息产业有限公司/1403.xls","check_status":"1","buzz_type":"全曲","down_num":"77061","demo_num":"2065611"},{"user_num":"28448","create_time":"1544663707","status":"1","id":"34","start_time":"2014-04-30 00:00:00","org_id":"","org_name":"广西壮族自治区公众信息产业有限公司","revenue":"66338.4","income":"147418","month":"04","is_channel":"1","detail_report_path":"广西壮族自治区公众信息产业有限公司/1404.xls","check_status":"1","buzz_type":"全曲","down_num":"147418","demo_num":"3951510"},{"user_num":"13445","create_time":"1544663707","status":"1","id":"35","start_time":"2014-05-31 00:00:00","org_id":"","org_name":"广西壮族自治区公众信息产业有限公司","revenue":"31983.85","income":"71075","month":"05","is_channel":"1","detail_report_path":"广西壮族自治区公众信息产业有限公司/1405.xls","check_status":"1","buzz_type":"全曲","down_num":"71075","demo_num":"1905148"},{"user_num":"12244","create_time":"1544663708","status":"1","id":"36","start_time":"2014-06-30 00:00:00","org_id":"","org_name":"广西壮族自治区公众信息产业有限公司","revenue":"28937.06","income":"64304","month":"06","is_channel":"1","detail_report_path":"广西壮族自治区公众信息产业有限公司/1406.xls","check_status":"1","buzz_type":"全曲","down_num":"64304","demo_num":"1723663"},{"user_num":"11782","create_time":"1544663708","status":"1","id":"37","start_time":"2014-07-31 00:00:00","org_id":"","org_name":"广西壮族自治区公众信息产业有限公司","revenue":"28053.14","income":"62340","month":"07","is_channel":"1","detail_report_path":"广西壮族自治区公众信息产业有限公司/1407.xls","check_status":"1","buzz_type":"全曲","down_num":"62340","demo_num":"1671012"},{"user_num":"12041","create_time":"1544663708","status":"1","id":"38","start_time":"2014-08-31 00:00:00","org_id":"","org_name":"广西壮族自治区公众信息产业有限公司","revenue":"28468.36","income":"63263","month":"08","is_channel":"1","detail_report_path":"广西壮族自治区公众信息产业有限公司/1408.xls","check_status":"1","buzz_type":"全曲","down_num":"63263","demo_num":"1695745"},{"user_num":"11082","create_time":"1544663709","status":"1","id":"39","start_time":"2014-09-30 00:00:00","org_id":"","org_name":"广西壮族自治区公众信息产业有限公司","revenue":"26178.65","income":"58174","month":"09","is_channel":"1","detail_report_path":"广西壮族自治区公众信息产业有限公司/1409.xls","check_status":"1","buzz_type":"全曲","down_num":"58174","demo_num":"1559356"},{"user_num":"10625","create_time":"1544663709","status":"1","id":"40","start_time":"2014-10-31 00:00:00","org_id":"","org_name":"广西壮族自治区公众信息产业有限公司","revenue":"25234.3","income":"56076","month":"10","is_channel":"1","detail_report_path":"广西壮族自治区公众信息产业有限公司/1410.xls","check_status":"1","buzz_type":"全曲","down_num":"56076","demo_num":"1503105"},{"user_num":"10833","create_time":"1544663709","status":"1","id":"41","start_time":"2014-11-30 00:00:00","org_id":"","org_name":"广西壮族自治区公众信息产业有限公司","revenue":"25543","income":"56762","month":"11","is_channel":"1","detail_report_path":"广西壮族自治区公众信息产业有限公司/1411.xls","check_status":"1","buzz_type":"全曲","down_num":"56762","demo_num":"1521493"},{"user_num":"10095","create_time":"1544663709","status":"1","id":"42","start_time":"2014-12-31 00:00:00","org_id":"","org_name":"广西壮族自治区公众信息产业有限公司","revenue":"23964.68","income":"53254","month":"12","is_channel":"1","detail_report_path":"广西壮族自治区公众信息产业有限公司/1412.xls","check_status":"1","buzz_type":"全曲","down_num":"53254","demo_num":"1427479"},{"user_num":"9736","create_time":"1544663710","status":"1","id":"43","start_time":"2015-01-31 00:00:00","org_id":"","org_name":"广西壮族自治区公众信息产业有限公司","revenue":"23079.08","income":"51286","month":"01","is_channel":"1","detail_report_path":"广西壮族自治区公众信息产业有限公司/1501.xls","check_status":"1","buzz_type":"全曲","down_num":"51286","demo_num":"1374727"},{"user_num":"9252","create_time":"1544663710","status":"1","id":"44","start_time":"2015-02-28 00:00:00","org_id":"","org_name":"广西壮族自治区公众信息产业有限公司","revenue":"22031.18","income":"48958","month":"02","is_channel":"1","detail_report_path":"广西壮族自治区公众信息产业有限公司/1502.xls","check_status":"1","buzz_type":"全曲","down_num":"48958","demo_num":"1312308"},{"user_num":"9113","create_time":"1544663710","status":"1","id":"45","start_time":"2015-03-31 00:00:00","org_id":"","org_name":"广西壮族自治区公众信息产业有限公司","revenue":"21764.25","income":"48365","month":"03","is_channel":"1","detail_report_path":"广西壮族自治区公众信息产业有限公司/1503.xls","check_status":"1","buzz_type":"全曲","down_num":"48365","demo_num":"1296408"},{"user_num":"8870","create_time":"1544663710","status":"1","id":"46","start_time":"2015-04-30 00:00:00","org_id":"","org_name":"广西壮族自治区公众信息产业有限公司","revenue":"21011.65","income":"46692","month":"04","is_channel":"1","detail_report_path":"广西壮族自治区公众信息产业有限公司/1504.xls","check_status":"1","buzz_type":"全曲","down_num":"46692","demo_num":"1251579"},{"user_num":"8566","create_time":"1544663711","status":"1","id":"47","start_time":"2015-05-31 00:00:00","org_id":"","org_name":"广西壮族自治区公众信息产业有限公司","revenue":"20394.08","income":"45320","month":"05","is_channel":"1","detail_report_path":"广西壮族自治区公众信息产业有限公司/1505.xls","check_status":"1","buzz_type":"全曲","down_num":"45320","demo_num":"1214792"},{"user_num":"8153","create_time":"1544663711","status":"1","id":"48","start_time":"2015-06-30 00:00:00","org_id":"","org_name":"广西壮族自治区公众信息产业有限公司","revenue":"19601.98","income":"43559","month":"06","is_channel":"1","detail_report_path":"广西壮族自治区公众信息产业有限公司/1506.xls","check_status":"1","buzz_type":"全曲","down_num":"43559","demo_num":"1167610"},{"user_num":"7935","create_time":"1544663711","status":"1","id":"49","start_time":"2015-07-31 00:00:00","org_id":"","org_name":"广西壮族自治区公众信息产业有限公司","revenue":"18934.08","income":"42075","month":"07","is_channel":"1","detail_report_path":"广西壮族自治区公众信息产业有限公司/1507.xls","check_status":"1","buzz_type":"全曲","down_num":"42075","demo_num":"1127826"},{"user_num":"7556","create_time":"1544663711","status":"1","id":"50","start_time":"2015-08-31 00:00:00","org_id":"","org_name":"广西壮族自治区公众信息产业有限公司","revenue":"18151.32","income":"40336","month":"08","is_channel":"1","detail_report_path":"广西壮族自治区公众信息产业有限公司/1508.xls","check_status":"1","buzz_type":"全曲","down_num":"40336","demo_num":"1081200"},{"user_num":"7220","create_time":"1544663712","status":"1","id":"51","start_time":"2015-09-30 00:00:00","org_id":"","org_name":"广西壮族自治区公众信息产业有限公司","revenue":"17473.1","income":"38829","month":"09","is_channel":"1","detail_report_path":"广西壮族自治区公众信息产业有限公司/1509.xls","check_status":"1","buzz_type":"全曲","down_num":"38829","demo_num":"1040801"},{"user_num":"6987","create_time":"1544663712","status":"1","id":"52","start_time":"2015-10-31 00:00:00","org_id":"","org_name":"广西壮族自治区公众信息产业有限公司","revenue":"16945.77","income":"37657","month":"10","is_channel":"1","detail_report_path":"广西壮族自治区公众信息产业有限公司/1510.xls","check_status":"1","buzz_type":"全曲","down_num":"37657","demo_num":"1009391"},{"user_num":"6470","create_time":"1544663712","status":"1","id":"53","start_time":"2015-12-31 00:00:00","org_id":"","org_name":"广西壮族自治区公众信息产业有限公司","revenue":"15587.08","income":"34637","month":"12","is_channel":"1","detail_report_path":"广西壮族自治区公众信息产业有限公司/1512.xls","check_status":"1","buzz_type":"全曲","down_num":"34637","demo_num":"928459"},{"user_num":"6248","create_time":"1544663713","status":"1","id":"54","start_time":"2016-01-31 00:00:00","org_id":"","org_name":"广西壮族自治区公众信息产业有限公司","revenue":"15075.26","income":"33500","month":"01","is_channel":"1","detail_report_path":"广西壮族自治区公众信息产业有限公司/1601.xls","check_status":"1","buzz_type":"全曲","down_num":"33500","demo_num":"897972"},{"user_num":"5973","create_time":"1544663713","status":"1","id":"55","start_time":"2016-02-29 00:00:00","org_id":"","org_name":"广西壮族自治区公众信息产业有限公司","revenue":"14407.75","income":"32017","month":"02","is_channel":"1","detail_report_path":"广西壮族自治区公众信息产业有限公司/1602.xls","check_status":"1","buzz_type":"全曲","down_num":"32017","demo_num":"858211"},{"user_num":"5815","create_time":"1544663713","status":"1","id":"56","start_time":"2016-03-31 00:00:00","org_id":"","org_name":"广西壮族自治区公众信息产业有限公司","revenue":"13954.39","income":"31009","month":"03","is_channel":"1","detail_report_path":"广西壮族自治区公众信息产业有限公司/1603.xls","check_status":"1","buzz_type":"全曲","down_num":"31009","demo_num":"831206"},{"user_num":"5545","create_time":"1544663713","status":"1","id":"57","start_time":"2016-04-30 00:00:00","org_id":"","org_name":"广西壮族自治区公众信息产业有限公司","revenue":"13380.57","income":"29734","month":"04","is_channel":"1","detail_report_path":"广西壮族自治区公众信息产业有限公司/1604.xls","check_status":"1","buzz_type":"全曲","down_num":"29734","demo_num":"797026"},{"user_num":"5042","create_time":"1544663714","status":"1","id":"58","start_time":"2016-07-31 00:00:00","org_id":"","org_name":"广西壮族自治区公众信息产业有限公司","revenue":"11975.75","income":"26612","month":"07","is_channel":"1","detail_report_path":"广西壮族自治区公众信息产业有限公司/1607.xls","check_status":"1","buzz_type":"全曲","down_num":"26612","demo_num":"713347"},{"user_num":"4818","create_time":"1544663714","status":"1","id":"59","start_time":"2016-08-31 00:00:00","org_id":"","org_name":"广西壮族自治区公众信息产业有限公司","revenue":"11523.19","income":"25607","month":"08","is_channel":"1","detail_report_path":"广西壮族自治区公众信息产业有限公司/1608.xls","check_status":"1","buzz_type":"全曲","down_num":"25607","demo_num":"686389"},{"user_num":"4637","create_time":"1544663714","status":"1","id":"60","start_time":"2016-09-30 00:00:00","org_id":"","org_name":"广西壮族自治区公众信息产业有限公司","revenue":"11050.73","income":"24557","month":"09","is_channel":"1","detail_report_path":"广西壮族自治区公众信息产业有限公司/1609.xls","check_status":"1","buzz_type":"全曲","down_num":"24557","demo_num":"658247"},{"user_num":"4148","create_time":"1544663714","status":"1","id":"61","start_time":"2016-10-31 00:00:00","org_id":"","org_name":"广西壮族自治区公众信息产业有限公司","revenue":"9991.7","income":"22203","month":"10","is_channel":"1","detail_report_path":"广西壮族自治区公众信息产业有限公司/1610.xls","check_status":"1","buzz_type":"全曲","down_num":"22203","demo_num":"595165"},{"user_num":"4174","create_time":"1544663714","status":"1","id":"62","start_time":"2016-11-30 00:00:00","org_id":"","org_name":"广西壮族自治区公众信息产业有限公司","revenue":"10081.6","income":"22403","month":"11","is_channel":"1","detail_report_path":"广西壮族自治区公众信息产业有限公司/1611.xls","check_status":"1","buzz_type":"全曲","down_num":"22403","demo_num":"600520"},{"user_num":"3800","create_time":"1544663715","status":"1","id":"63","start_time":"2017-01-31 00:00:00","org_id":"","org_name":"广西壮族自治区公众信息产业有限公司","revenue":"9363.14","income":"20806","month":"01","is_channel":"1","detail_report_path":"广西壮族自治区公众信息产业有限公司/1701.xls","check_status":"1","buzz_type":"全曲","down_num":"20806","demo_num":"557724"},{"user_num":"3826","create_time":"1544663715","status":"1","id":"64","start_time":"2017-02-28 00:00:00","org_id":"","org_name":"广西壮族自治区公众信息产业有限公司","revenue":"9130.19","income":"20289","month":"02","is_channel":"1","detail_report_path":"广西壮族自治区公众信息产业有限公司/1702.xls","check_status":"1","buzz_type":"全曲","down_num":"20289","demo_num":"543848"},{"user_num":"3613","create_time":"1544663715","status":"1","id":"65","start_time":"2017-03-31 00:00:00","org_id":"","org_name":"广西壮族自治区公众信息产业有限公司","revenue":"8854.83","income":"19677","month":"03","is_channel":"1","detail_report_path":"广西壮族自治区公众信息产业有限公司/1703.xls","check_status":"1","buzz_type":"全曲","down_num":"19677","demo_num":"527446"},{"user_num":"2829","create_time":"1544663715","status":"1","id":"66","start_time":"2017-04-30 00:00:00","org_id":"","org_name":"广西壮族自治区公众信息产业有限公司","revenue":"6748.42","income":"14996","month":"04","is_channel":"1","detail_report_path":"广西壮族自治区公众信息产业有限公司/1704.xls","check_status":"1","buzz_type":"全曲","down_num":"14996","demo_num":"401976"},{"user_num":"3413","create_time":"1544663716","status":"1","id":"67","start_time":"2017-05-31 00:00:00","org_id":"","org_name":"广西壮族自治区公众信息产业有限公司","revenue":"8344.62","income":"18543","month":"05","is_channel":"1","detail_report_path":"广西壮族自治区公众信息产业有限公司/1705.xls","check_status":"1","buzz_type":"全曲","down_num":"18543","demo_num":"497055"},{"user_num":"3287","create_time":"1544663716","status":"1","id":"68","start_time":"2017-06-30 00:00:00","org_id":"","org_name":"广西壮族自治区公众信息产业有限公司","revenue":"7999.72","income":"17777","month":"06","is_channel":"1","detail_report_path":"广西壮族自治区公众信息产业有限公司/1706.xls","check_status":"1","buzz_type":"全曲","down_num":"17777","demo_num":"476511"},{"user_num":"3121","create_time":"1544663716","status":"1","id":"69","start_time":"2017-07-31 00:00:00","org_id":"","org_name":"广西壮族自治区公众信息产业有限公司","revenue":"7714.29","income":"17142","month":"07","is_channel":"1","detail_report_path":"广西壮族自治区公众信息产业有限公司/1707.xls","check_status":"1","buzz_type":"全曲","down_num":"17142","demo_num":"459509"},{"user_num":"3046","create_time":"1544663716","status":"1","id":"70","start_time":"2017-08-31 00:00:00","org_id":"","org_name":"广西壮族自治区公众信息产业有限公司","revenue":"7426.7","income":"16503","month":"08","is_channel":"1","detail_report_path":"广西壮族自治区公众信息产业有限公司/1708.xls","check_status":"1","buzz_type":"全曲","down_num":"16503","demo_num":"442378"},{"user_num":"3000","create_time":"1544663717","status":"1","id":"71","start_time":"2017-09-30 00:00:00","org_id":"","org_name":"广西壮族自治区公众信息产业有限公司","revenue":"7173.56","income":"15941","month":"09","is_channel":"1","detail_report_path":"广西壮族自治区公众信息产业有限公司/1709.xls","check_status":"1","buzz_type":"全曲","down_num":"15941","demo_num":"427299"},{"user_num":"2858","create_time":"1544663717","status":"1","id":"72","start_time":"2017-10-31 00:00:00","org_id":"","org_name":"广西壮族自治区公众信息产业有限公司","revenue":"6948.25","income":"15440","month":"10","is_channel":"1","detail_report_path":"广西壮族自治区公众信息产业有限公司/1710.xls","check_status":"1","buzz_type":"全曲","down_num":"15440","demo_num":"413879"},{"user_num":"2652","create_time":"1544663717","status":"1","id":"73","start_time":"2017-11-30 00:00:00","org_id":"","org_name":"广西壮族自治区公众信息产业有限公司","revenue":"6513.94","income":"14475","month":"11","is_channel":"1","detail_report_path":"广西壮族自治区公众信息产业有限公司/1711.xls","check_status":"1","buzz_type":"全曲","down_num":"14475","demo_num":"388009"},{"user_num":"34038","create_time":"1544663718","status":"1","id":"74","start_time":"2012-08-31 00:00:00","org_id":"","org_name":"杭州斯凯网络科技有限公司","revenue":"80143.14","income":"178095","month":"08","is_channel":"1","detail_report_path":"杭州斯凯网络科技有限公司/1208.xls","check_status":"1","buzz_type":"全曲","down_num":"178095","demo_num":"4773803"},{"user_num":"29429","create_time":"1544663718","status":"1","id":"75","start_time":"2012-09-30 00:00:00","org_id":"","org_name":"杭州斯凯网络科技有限公司","revenue":"68596.95","income":"152437","month":"09","is_channel":"1","detail_report_path":"杭州斯凯网络科技有限公司/1209.xls","check_status":"1","buzz_type":"全曲","down_num":"152437","demo_num":"4086043"},{"user_num":"28478","create_time":"1544663718","status":"1","id":"76","start_time":"2012-10-31 00:00:00","org_id":"","org_name":"杭州斯凯网络科技有限公司","revenue":"65784.61","income":"146188","month":"10","is_channel":"1","detail_report_path":"杭州斯凯网络科技有限公司/1210.xls","check_status":"1","buzz_type":"全曲","down_num":"146188","demo_num":"3918523"},{"user_num":"27586","create_time":"1544663719","status":"1","id":"77","start_time":"2012-11-30 00:00:00","org_id":"","org_name":"杭州斯凯网络科技有限公司","revenue":"64048","income":"142328","month":"11","is_channel":"1","detail_report_path":"杭州斯凯网络科技有限公司/1211.xls","check_status":"1","buzz_type":"全曲","down_num":"142328","demo_num":"3815080"},{"user_num":"30514","create_time":"1544663719","status":"1","id":"78","start_time":"2012-12-31 00:00:00","org_id":"","org_name":"杭州斯凯网络科技有限公司","revenue":"71350.34","income":"158556","month":"12","is_channel":"1","detail_report_path":"杭州斯凯网络科技有限公司/1212.xls","check_status":"1","buzz_type":"全曲","down_num":"158556","demo_num":"4250051"},{"user_num":"26138","create_time":"1544663719","status":"1","id":"79","start_time":"2013-01-31 00:00:00","org_id":"","org_name":"杭州斯凯网络科技有限公司","revenue":"60451.07","income":"134335","month":"01","is_channel":"1","detail_report_path":"杭州斯凯网络科技有限公司/1301.xls","check_status":"1","buzz_type":"全曲","down_num":"134335","demo_num":"3600826"},{"user_num":"21133","create_time":"1544663720","status":"1","id":"80","start_time":"2013-02-28 00:00:00","org_id":"","org_name":"杭州斯凯网络科技有限公司","revenue":"48858.57","income":"108574","month":"02","is_channel":"1","detail_report_path":"杭州斯凯网络科技有限公司/1302.xls","check_status":"1","buzz_type":"全曲","down_num":"108574","demo_num":"2910307"},{"user_num":"27007","create_time":"1544663720","status":"1","id":"81","start_time":"2013-03-31 00:00:00","org_id":"","org_name":"杭州斯凯网络科技有限公司","revenue":"62497.47","income":"138883","month":"03","is_channel":"1","detail_report_path":"杭州斯凯网络科技有限公司/1303.xls","check_status":"1","buzz_type":"全曲","down_num":"138883","demo_num":"3722721"},{"user_num":"19331","create_time":"1544663720","status":"1","id":"82","start_time":"2013-04-30 00:00:00","org_id":"","org_name":"杭州斯凯网络科技有限公司","revenue":"44986.66","income":"99970","month":"04","is_channel":"1","detail_report_path":"杭州斯凯网络科技有限公司/1304.xls","check_status":"1","buzz_type":"全曲","down_num":"99970","demo_num":"2679673"},{"user_num":"21786","create_time":"1544663721","status":"1","id":"83","start_time":"2013-05-31 00:00:00","org_id":"","org_name":"杭州斯凯网络科技有限公司","revenue":"50653.72","income":"112563","month":"05","is_channel":"1","detail_report_path":"杭州斯凯网络科技有限公司/1305.xls","check_status":"1","buzz_type":"全曲","down_num":"112563","demo_num":"3017237"},{"user_num":"14961","create_time":"1544663721","status":"1","id":"84","start_time":"2013-06-30 00:00:00","org_id":"","org_name":"杭州斯凯网络科技有限公司","revenue":"35387.65","income":"78639","month":"06","is_channel":"1","detail_report_path":"杭州斯凯网络科技有限公司/1306.xls","check_status":"1","buzz_type":"全曲","down_num":"78639","demo_num":"2107899"},{"user_num":"16336","create_time":"1544663721","status":"1","id":"85","start_time":"2013-07-31 00:00:00","org_id":"","org_name":"杭州斯凯网络科技有限公司","revenue":"38759.87","income":"86133","month":"07","is_channel":"1","detail_report_path":"杭州斯凯网络科技有限公司/1307.xls","check_status":"1","buzz_type":"全曲","down_num":"86133","demo_num":"2308768"},{"user_num":"17568","create_time":"1544663722","status":"1","id":"86","start_time":"2013-08-31 00:00:00","org_id":"","org_name":"杭州斯凯网络科技有限公司","revenue":"41090.28","income":"91311","month":"08","is_channel":"1","detail_report_path":"杭州斯凯网络科技有限公司/1308.xls","check_status":"1","buzz_type":"全曲","down_num":"91311","demo_num":"2447581"},{"user_num":"10520","create_time":"1544663722","status":"1","id":"87","start_time":"2013-09-30 00:00:00","org_id":"","org_name":"杭州斯凯网络科技有限公司","revenue":"24635.85","income":"54746","month":"09","is_channel":"1","detail_report_path":"杭州斯凯网络科技有限公司/1309.xls","check_status":"1","buzz_type":"全曲","down_num":"54746","demo_num":"1467458"},{"user_num":"10356","create_time":"1544663722","status":"1","id":"88","start_time":"2013-10-31 00:00:00","org_id":"","org_name":"杭州斯凯网络科技有限公司","revenue":"24420.95","income":"54268","month":"10","is_channel":"1","detail_report_path":"杭州斯凯网络科技有限公司/1310.xls","check_status":"1","buzz_type":"全曲","down_num":"54268","demo_num":"1454657"},{"user_num":"9190","create_time":"1544663723","status":"1","id":"89","start_time":"2013-11-30 00:00:00","org_id":"","org_name":"杭州斯凯网络科技有限公司","revenue":"21789.81","income":"48421","month":"11","is_channel":"1","detail_report_path":"杭州斯凯网络科技有限公司/1311.xls","check_status":"1","buzz_type":"全曲","down_num":"48421","demo_num":"1297930"},{"user_num":"11276","create_time":"1544663723","status":"1","id":"90","start_time":"2013-12-31 00:00:00","org_id":"","org_name":"杭州斯凯网络科技有限公司","revenue":"26633.15","income":"59184","month":"12","is_channel":"1","detail_report_path":"杭州斯凯网络科技有限公司/1312.xls","check_status":"1","buzz_type":"全曲","down_num":"59184","demo_num":"1586429"},{"user_num":"17712","create_time":"1544663723","status":"1","id":"91","start_time":"2014-02-28 00:00:00","org_id":"","org_name":"杭州斯凯网络科技有限公司","revenue":"41600.47","income":"92445","month":"02","is_channel":"1","detail_report_path":"杭州斯凯网络科技有限公司/1402.xls","check_status":"1","buzz_type":"全曲","down_num":"92445","demo_num":"2477971"},{"user_num":"8289","create_time":"1544663723","status":"1","id":"92","start_time":"2014-03-31 00:00:00","org_id":"","org_name":"杭州斯凯网络科技有限公司","revenue":"19855.93","income":"44124","month":"03","is_channel":"1","detail_report_path":"杭州斯凯网络科技有限公司/1403.xls","check_status":"1","buzz_type":"全曲","down_num":"44124","demo_num":"1182737"},{"user_num":"7321","create_time":"1544663724","status":"1","id":"93","start_time":"2014-04-30 00:00:00","org_id":"","org_name":"杭州斯凯网络科技有限公司","revenue":"17703.92","income":"39342","month":"04","is_channel":"1","detail_report_path":"杭州斯凯网络科技有限公司/1404.xls","check_status":"1","buzz_type":"全曲","down_num":"39342","demo_num":"1054550"},{"user_num":"7212","create_time":"1544663724","status":"1","id":"94","start_time":"2014-05-31 00:00:00","org_id":"","org_name":"杭州斯凯网络科技有限公司","revenue":"17351.21","income":"38558","month":"05","is_channel":"1","detail_report_path":"杭州斯凯网络科技有限公司/1405.xls","check_status":"1","buzz_type":"全曲","down_num":"38558","demo_num":"1033541"},{"user_num":"5817","create_time":"1544663724","status":"1","id":"95","start_time":"2014-06-30 00:00:00","org_id":"","org_name":"杭州斯凯网络科技有限公司","revenue":"13982.85","income":"31073","month":"06","is_channel":"1","detail_report_path":"杭州斯凯网络科技有限公司/1406.xls","check_status":"1","buzz_type":"全曲","down_num":"31073","demo_num":"832901"},{"user_num":"5853","create_time":"1544663725","status":"1","id":"96","start_time":"2014-07-31 00:00:00","org_id":"","org_name":"杭州斯凯网络科技有限公司","revenue":"14095.38","income":"31323","month":"07","is_channel":"1","detail_report_path":"杭州斯凯网络科技有限公司/1407.xls","check_status":"1","buzz_type":"全曲","down_num":"31323","demo_num":"839604"},{"user_num":"5691","create_time":"1544663725","status":"1","id":"97","start_time":"2014-08-31 00:00:00","org_id":"","org_name":"杭州斯凯网络科技有限公司","revenue":"13747.3","income":"30549","month":"08","is_channel":"1","detail_report_path":"杭州斯凯网络科技有限公司/1408.xls","check_status":"1","buzz_type":"全曲","down_num":"30549","demo_num":"818871"},{"user_num":"10385","create_time":"1544663725","status":"1","id":"98","start_time":"2014-09-30 00:00:00","org_id":"","org_name":"杭州斯凯网络科技有限公司","revenue":"24601.84","income":"54670","month":"09","is_channel":"1","detail_report_path":"杭州斯凯网络科技有限公司/1409.xls","check_status":"1","buzz_type":"全曲","down_num":"54670","demo_num":"1465432"},{"user_num":"9222","create_time":"1544663725","status":"1","id":"99","start_time":"2014-10-31 00:00:00","org_id":"","org_name":"杭州斯凯网络科技有限公司","revenue":"22116.94","income":"49148","month":"10","is_channel":"1","detail_report_path":"杭州斯凯网络科技有限公司/1410.xls","check_status":"1","buzz_type":"全曲","down_num":"49148","demo_num":"1317416"},{"user_num":"8518","create_time":"1544663726","status":"1","id":"100","start_time":"2014-12-31 00:00:00","org_id":"","org_name":"杭州斯凯网络科技有限公司","revenue":"20317.7","income":"45150","month":"12","is_channel":"1","detail_report_path":"杭州斯凯网络科技有限公司/1412.xls","check_status":"1","buzz_type":"全曲","down_num":"45150","demo_num":"1210243"},{"user_num":"1998","create_time":"1544663726","status":"1","id":"101","start_time":"2015-01-31 00:00:00","org_id":"","org_name":"杭州斯凯网络科技有限公司","revenue":"4890.28","income":"10867","month":"01","is_channel":"1","detail_report_path":"杭州斯凯网络科技有限公司/1501.xls","check_status":"1","buzz_type":"全曲","down_num":"10867","demo_num":"291294"},{"user_num":"1425","create_time":"1544663726","status":"1","id":"102","start_time":"2015-02-28 00:00:00","org_id":"","org_name":"杭州斯凯网络科技有限公司","revenue":"3439.94","income":"7644","month":"02","is_channel":"1","detail_report_path":"杭州斯凯网络科技有限公司/1502.xls","check_status":"1","buzz_type":"全曲","down_num":"7644","demo_num":"204903"},{"user_num":"21389","create_time":"1544663726","status":"1","id":"103","start_time":"2012-10-31 00:00:00","org_id":"","org_name":"江苏省公用信息有限公司","revenue":"49450","income":"109888","month":"10","is_channel":"1","detail_report_path":"江苏省公用信息有限公司/1210.xls","check_status":"1","buzz_type":"全曲","down_num":"109888","demo_num":"2945536"},{"user_num":"2522","create_time":"1544663727","status":"1","id":"104","start_time":"2014-05-31 00:00:00","org_id":"","org_name":"江苏省公用信息有限公司","revenue":"5971.03","income":"13268","month":"05","is_channel":"1","detail_report_path":"江苏省公用信息有限公司/1405.xls","check_status":"1","buzz_type":"全曲","down_num":"13268","demo_num":"355670"},{"user_num":"3114","create_time":"1544663727","status":"1","id":"105","start_time":"2014-06-30 00:00:00","org_id":"","org_name":"江苏省公用信息有限公司","revenue":"7722.49","income":"17161","month":"06","is_channel":"1","detail_report_path":"江苏省公用信息有限公司/1406.xls","check_status":"1","buzz_type":"全曲","down_num":"17161","demo_num":"459997"},{"user_num":"3287","create_time":"1544663727","status":"1","id":"106","start_time":"2014-07-31 00:00:00","org_id":"","org_name":"江苏省公用信息有限公司","revenue":"8027.22","income":"17838","month":"07","is_channel":"1","detail_report_path":"江苏省公用信息有限公司/1407.xls","check_status":"1","buzz_type":"全曲","down_num":"17838","demo_num":"478149"},{"user_num":"2524","create_time":"1544663727","status":"1","id":"107","start_time":"2014-08-31 00:00:00","org_id":"","org_name":"江苏省公用信息有限公司","revenue":"6006.26","income":"13347","month":"08","is_channel":"1","detail_report_path":"江苏省公用信息有限公司/1408.xls","check_status":"1","buzz_type":"全曲","down_num":"13347","demo_num":"357768"},{"user_num":"2795","create_time":"1544663728","status":"1","id":"108","start_time":"2014-09-30 00:00:00","org_id":"","org_name":"江苏省公用信息有限公司","revenue":"6821.16","income":"15158","month":"09","is_channel":"1","detail_report_path":"江苏省公用信息有限公司/1409.xls","check_status":"1","buzz_type":"全曲","down_num":"15158","demo_num":"406308"},{"user_num":"2545","create_time":"1544663728","status":"1","id":"109","start_time":"2014-10-31 00:00:00","org_id":"","org_name":"江苏省公用信息有限公司","revenue":"6015.03","income":"13366","month":"10","is_channel":"1","detail_report_path":"江苏省公用信息有限公司/1410.xls","check_status":"1","buzz_type":"全曲","down_num":"13366","demo_num":"358291"},{"user_num":"1622","create_time":"1544663728","status":"1","id":"110","start_time":"2014-11-30 00:00:00","org_id":"","org_name":"江苏省公用信息有限公司","revenue":"3848.92","income":"8553","month":"11","is_channel":"1","detail_report_path":"江苏省公用信息有限公司/1411.xls","check_status":"1","buzz_type":"全曲","down_num":"8553","demo_num":"229264"},{"user_num":"852","create_time":"1544663728","status":"1","id":"111","start_time":"2014-12-31 00:00:00","org_id":"","org_name":"江苏省公用信息有限公司","revenue":"2012.86","income":"4473","month":"12","is_channel":"1","detail_report_path":"江苏省公用信息有限公司/1412.xls","check_status":"1","buzz_type":"全曲","down_num":"4473","demo_num":"119897"},{"user_num":"2931","create_time":"1544663728","status":"1","id":"112","start_time":"2015-01-31 00:00:00","org_id":"","org_name":"江苏省公用信息有限公司","revenue":"7059.45","income":"15687","month":"01","is_channel":"1","detail_report_path":"江苏省公用信息有限公司/1501.xls","check_status":"1","buzz_type":"全曲","down_num":"15687","demo_num":"420502"},{"user_num":"2261","create_time":"1544663729","status":"1","id":"113","start_time":"2015-02-28 00:00:00","org_id":"","org_name":"江苏省公用信息有限公司","revenue":"5349.6","income":"11888","month":"02","is_channel":"1","detail_report_path":"江苏省公用信息有限公司/1502.xls","check_status":"1","buzz_type":"全曲","down_num":"11888","demo_num":"318654"},{"user_num":"2205","create_time":"1544663729","status":"1","id":"114","start_time":"2015-03-31 00:00:00","org_id":"","org_name":"江苏省公用信息有限公司","revenue":"5275.71","income":"11723","month":"03","is_channel":"1","detail_report_path":"江苏省公用信息有限公司/1503.xls","check_status":"1","buzz_type":"全曲","down_num":"11723","demo_num":"314252"},{"user_num":"1349","create_time":"1544663729","status":"1","id":"115","start_time":"2015-04-30 00:00:00","org_id":"","org_name":"江苏省公用信息有限公司","revenue":"3278.53","income":"7285","month":"04","is_channel":"1","detail_report_path":"江苏省公用信息有限公司/1504.xls","check_status":"1","buzz_type":"全曲","down_num":"7285","demo_num":"195288"},{"user_num":"3361","create_time":"1544663729","status":"1","id":"116","start_time":"2015-05-31 00:00:00","org_id":"","org_name":"江苏省公用信息有限公司","revenue":"8210.25","income":"18245","month":"05","is_channel":"1","detail_report_path":"江苏省公用信息有限公司/1505.xls","check_status":"1","buzz_type":"全曲","down_num":"18245","demo_num":"489051"},{"user_num":"963","create_time":"1544663730","status":"1","id":"117","start_time":"2015-06-30 00:00:00","org_id":"","org_name":"江苏省公用信息有限公司","revenue":"2308.49","income":"5129","month":"06","is_channel":"1","detail_report_path":"江苏省公用信息有限公司/1506.xls","check_status":"1","buzz_type":"全曲","down_num":"5129","demo_num":"137507"},{"user_num":"2219","create_time":"1544663730","status":"1","id":"118","start_time":"2015-07-31 00:00:00","org_id":"","org_name":"江苏省公用信息有限公司","revenue":"5264.33","income":"11698","month":"07","is_channel":"1","detail_report_path":"江苏省公用信息有限公司/1507.xls","check_status":"1","buzz_type":"全曲","down_num":"11698","demo_num":"313574"},{"user_num":"2494","create_time":"1544663730","status":"1","id":"119","start_time":"2015-08-31 00:00:00","org_id":"","org_name":"江苏省公用信息有限公司","revenue":"5930.91","income":"13179","month":"08","is_channel":"1","detail_report_path":"江苏省公用信息有限公司/1508.xls","check_status":"1","buzz_type":"全曲","down_num":"13179","demo_num":"353280"},{"user_num":"2384","create_time":"1544663730","status":"1","id":"120","start_time":"2015-09-30 00:00:00","org_id":"","org_name":"江苏省公用信息有限公司","revenue":"5701.98","income":"12671","month":"09","is_channel":"1","detail_report_path":"江苏省公用信息有限公司/1509.xls","check_status":"1","buzz_type":"全曲","down_num":"12671","demo_num":"339643"},{"user_num":"1991","create_time":"1544663730","status":"1","id":"121","start_time":"2015-10-31 00:00:00","org_id":"","org_name":"江苏省公用信息有限公司","revenue":"4829.08","income":"10731","month":"10","is_channel":"1","detail_report_path":"江苏省公用信息有限公司/1510.xls","check_status":"1","buzz_type":"全曲","down_num":"10731","demo_num":"287648"},{"user_num":"1653","create_time":"1544663731","status":"1","id":"122","start_time":"2015-11-30 00:00:00","org_id":"","org_name":"江苏省公用信息有限公司","revenue":"3851.05","income":"8557","month":"11","is_channel":"1","detail_report_path":"江苏省公用信息有限公司/1511.xls","check_status":"1","buzz_type":"全曲","down_num":"8557","demo_num":"229391"},{"user_num":"921","create_time":"1544663731","status":"1","id":"123","start_time":"2015-12-31 00:00:00","org_id":"","org_name":"江苏省公用信息有限公司","revenue":"2181.12","income":"4846","month":"12","is_channel":"1","detail_report_path":"江苏省公用信息有限公司/1512.xls","check_status":"1","buzz_type":"全曲","down_num":"4846","demo_num":"129920"},{"user_num":"1984","create_time":"1544663731","status":"1","id":"124","start_time":"2016-01-31 00:00:00","org_id":"","org_name":"江苏省公用信息有限公司","revenue":"4720.47","income":"10489","month":"01","is_channel":"1","detail_report_path":"江苏省公用信息有限公司/1601.xls","check_status":"1","buzz_type":"全曲","down_num":"10489","demo_num":"281179"},{"user_num":"1822","create_time":"1544663731","status":"1","id":"125","start_time":"2016-02-29 00:00:00","org_id":"","org_name":"江苏省公用信息有限公司","revenue":"4410.28","income":"9800","month":"02","is_channel":"1","detail_report_path":"江苏省公用信息有限公司/1602.xls","check_status":"1","buzz_type":"全曲","down_num":"9800","demo_num":"262702"},{"user_num":"2652","create_time":"1544663732","status":"1","id":"126","start_time":"2016-03-31 00:00:00","org_id":"","org_name":"江苏省公用信息有限公司","revenue":"6388.36","income":"14196","month":"03","is_channel":"1","detail_report_path":"江苏省公用信息有限公司/1603.xls","check_status":"1","buzz_type":"全曲","down_num":"14196","demo_num":"380528"},{"user_num":"2230","create_time":"1544663732","status":"1","id":"127","start_time":"2016-04-30 00:00:00","org_id":"","org_name":"江苏省公用信息有限公司","revenue":"5405.12","income":"12011","month":"04","is_channel":"1","detail_report_path":"江苏省公用信息有限公司/1604.xls","check_status":"1","buzz_type":"全曲","down_num":"12011","demo_num":"321961"},{"user_num":"158","create_time":"1544663732","status":"1","id":"128","start_time":"2016-05-31 00:00:00","org_id":"","org_name":"江苏省公用信息有限公司","revenue":"656.22","income":"1458","month":"05","is_channel":"1","detail_report_path":"江苏省公用信息有限公司/1605.xls","check_status":"1","buzz_type":"全曲","down_num":"1458","demo_num":"39088"},{"user_num":"349303","create_time":"1544663733","status":"1","id":"129","start_time":"2014-09-30 00:00:00","org_id":"","org_name":"联通宽带在线有限公司","revenue":"794113.43","income":"1764696","month":"09","is_channel":"1","detail_report_path":"联通宽带在线有限公司/1409.xls","check_status":"1","buzz_type":"全曲","down_num":"1764696","demo_num":"47302128"},{"user_num":"186385","create_time":"1544663734","status":"1","id":"130","start_time":"2014-10-31 00:00:00","org_id":"","org_name":"联通宽带在线有限公司","revenue":"427599.54","income":"950221","month":"10","is_channel":"1","detail_report_path":"联通宽带在线有限公司/1410.xls","check_status":"1","buzz_type":"全曲","down_num":"950221","demo_num":"25470376"},{"user_num":"85685","create_time":"1544663735","status":"1","id":"131","start_time":"2014-11-30 00:00:00","org_id":"","org_name":"联通宽带在线有限公司","revenue":"197209.55","income":"438243","month":"11","is_channel":"1","detail_report_path":"联通宽带在线有限公司/1411.xls","check_status":"1","buzz_type":"全曲","down_num":"438243","demo_num":"11746976"},{"user_num":"45631","create_time":"1544663735","status":"1","id":"132","start_time":"2014-12-31 00:00:00","org_id":"","org_name":"联通宽带在线有限公司","revenue":"106189.76","income":"235977","month":"12","is_channel":"1","detail_report_path":"联通宽带在线有限公司/1412.xls","check_status":"1","buzz_type":"全曲","down_num":"235977","demo_num":"6325295"},{"user_num":"188224","create_time":"1544663736","status":"1","id":"133","start_time":"2015-01-31 00:00:00","org_id":"","org_name":"联通宽带在线有限公司","revenue":"433314.27","income":"962920","month":"01","is_channel":"1","detail_report_path":"联通宽带在线有限公司/1501.xls","check_status":"1","buzz_type":"全曲","down_num":"962920","demo_num":"25810780"},{"user_num":"187061","create_time":"1544663737","status":"1","id":"134","start_time":"2015-02-28 00:00:00","org_id":"","org_name":"联通宽带在线有限公司","revenue":"430652.89","income":"957006","month":"02","is_channel":"1","detail_report_path":"联通宽带在线有限公司/1502.xls","check_status":"1","buzz_type":"全曲","down_num":"957006","demo_num":"25652252"},{"user_num":"139905","create_time":"1544663738","status":"1","id":"135","start_time":"2015-03-31 00:00:00","org_id":"","org_name":"联通宽带在线有限公司","revenue":"324555.94","income":"721235","month":"03","is_channel":"1","detail_report_path":"联通宽带在线有限公司/1503.xls","check_status":"1","buzz_type":"全曲","down_num":"721235","demo_num":"19332486"},{"user_num":"262773","create_time":"1544663739","status":"1","id":"136","start_time":"2015-04-30 00:00:00","org_id":"","org_name":"联通宽带在线有限公司","revenue":"598567.32","income":"1330149","month":"04","is_channel":"1","detail_report_path":"联通宽带在线有限公司/1504.xls","check_status":"1","buzz_type":"全曲","down_num":"1330149","demo_num":"35654237"},{"user_num":"308075","create_time":"1544663740","status":"1","id":"137","start_time":"2015-05-31 00:00:00","org_id":"","org_name":"联通宽带在线有限公司","revenue":"701283.1","income":"1558406","month":"05","is_channel":"1","detail_report_path":"联通宽带在线有限公司/1505.xls","check_status":"1","buzz_type":"全曲","down_num":"1558406","demo_num":"41772601"},{"user_num":"276606","create_time":"1544663741","status":"1","id":"138","start_time":"2015-06-30 00:00:00","org_id":"","org_name":"联通宽带在线有限公司","revenue":"631940.33","income":"1404311","month":"06","is_channel":"1","detail_report_path":"联通宽带在线有限公司/1506.xls","check_status":"1","buzz_type":"全曲","down_num":"1404311","demo_num":"37642132"},{"user_num":"463238","create_time":"1544663742","status":"1","id":"139","start_time":"2015-07-31 00:00:00","org_id":"","org_name":"联通宽带在线有限公司","revenue":"1052674.98","income":"2339277","month":"07","is_channel":"1","detail_report_path":"联通宽带在线有限公司/1507.xls","check_status":"1","buzz_type":"全曲","down_num":"2339277","demo_num":"62703595"},{"user_num":"262819","create_time":"1544663742","status":"1","id":"140","start_time":"2015-08-31 00:00:00","org_id":"","org_name":"联通宽带在线有限公司","revenue":"601205.12","income":"1336011","month":"08","is_channel":"1","detail_report_path":"联通宽带在线有限公司/1508.xls","check_status":"1","buzz_type":"全曲","down_num":"1336011","demo_num":"35811360"},{"user_num":"233612","create_time":"1544663743","status":"1","id":"141","start_time":"2015-09-30 00:00:00","org_id":"","org_name":"联通宽带在线有限公司","revenue":"535294.01","income":"1189542","month":"09","is_channel":"1","detail_report_path":"联通宽带在线有限公司/1509.xls","check_status":"1","buzz_type":"全曲","down_num":"1189542","demo_num":"31885301"},{"user_num":"397140","create_time":"1544663744","status":"1","id":"142","start_time":"2015-10-31 00:00:00","org_id":"","org_name":"联通宽带在线有限公司","revenue":"903313.3","income":"2007362","month":"10","is_channel":"1","detail_report_path":"联通宽带在线有限公司/1510.xls","check_status":"1","buzz_type":"全曲","down_num":"2007362","demo_num":"53806723"},{"user_num":"438536","create_time":"1544663745","status":"1","id":"143","start_time":"2015-11-30 00:00:00","org_id":"","org_name":"联通宽带在线有限公司","revenue":"996299.63","income":"2213999","month":"11","is_channel":"1","detail_report_path":"联通宽带在线有限公司/1511.xls","check_status":"1","buzz_type":"全曲","down_num":"2213999","demo_num":"59345543"},{"user_num":"211218","create_time":"1544663746","status":"1","id":"144","start_time":"2015-12-31 00:00:00","org_id":"","org_name":"联通宽带在线有限公司","revenue":"485908.57","income":"1079796","month":"12","is_channel":"1","detail_report_path":"联通宽带在线有限公司/1512.xls","check_status":"1","buzz_type":"全曲","down_num":"1079796","demo_num":"28943610"},{"user_num":"113143","create_time":"1544663747","status":"1","id":"145","start_time":"2016-01-31 00:00:00","org_id":"","org_name":"联通宽带在线有限公司","revenue":"261643.08","income":"581429","month":"01","is_channel":"1","detail_report_path":"联通宽带在线有限公司/1601.xls","check_status":"1","buzz_type":"全曲","down_num":"581429","demo_num":"15585020"},{"user_num":"245318","create_time":"1544663747","status":"1","id":"146","start_time":"2016-02-29 00:00:00","org_id":"","org_name":"联通宽带在线有限公司","revenue":"560359.14","income":"1245242","month":"02","is_channel":"1","detail_report_path":"联通宽带在线有限公司/1602.xls","check_status":"1","buzz_type":"全曲","down_num":"1245242","demo_num":"33378330"},{"user_num":"129541","create_time":"1544663748","status":"1","id":"147","start_time":"2016-03-31 00:00:00","org_id":"","org_name":"联通宽带在线有限公司","revenue":"301731.84","income":"670515","month":"03","is_channel":"1","detail_report_path":"联通宽带在线有限公司/1603.xls","check_status":"1","buzz_type":"全曲","down_num":"670515","demo_num":"17972947"},{"user_num":"271288","create_time":"1544663749","status":"1","id":"148","start_time":"2016-04-30 00:00:00","org_id":"","org_name":"联通宽带在线有限公司","revenue":"620122.44","income":"1378049","month":"04","is_channel":"1","detail_report_path":"联通宽带在线有限公司/1604.xls","check_status":"1","buzz_type":"全曲","down_num":"1378049","demo_num":"36938188"},{"user_num":"144183","create_time":"1544663750","status":"1","id":"149","start_time":"2016-05-31 00:00:00","org_id":"","org_name":"联通宽带在线有限公司","revenue":"333912.08","income":"742026","month":"05","is_channel":"1","detail_report_path":"联通宽带在线有限公司/1605.xls","check_status":"1","buzz_type":"全曲","down_num":"742026","demo_num":"19889793"},{"user_num":"237327","create_time":"1544663751","status":"1","id":"150","start_time":"2016-06-30 00:00:00","org_id":"","org_name":"联通宽带在线有限公司","revenue":"542252.3","income":"1205005","month":"06","is_channel":"1","detail_report_path":"联通宽带在线有限公司/1606.xls","check_status":"1","buzz_type":"全曲","down_num":"1205005","demo_num":"32299778"},{"user_num":"125342","create_time":"1544663752","status":"1","id":"151","start_time":"2016-07-31 00:00:00","org_id":"","org_name":"联通宽带在线有限公司","revenue":"291982.01","income":"648848","month":"07","is_channel":"1","detail_report_path":"联通宽带在线有限公司/1607.xls","check_status":"1","buzz_type":"全曲","down_num":"648848","demo_num":"17392188"},{"user_num":"217697","create_time":"1544663753","status":"1","id":"152","start_time":"2016-08-31 00:00:00","org_id":"","org_name":"联通宽带在线有限公司","revenue":"500822.94","income":"1112939","month":"08","is_channel":"1","detail_report_path":"联通宽带在线有限公司/1608.xls","check_status":"1","buzz_type":"全曲","down_num":"1112939","demo_num":"29831998"},{"user_num":"116138","create_time":"1544663754","status":"1","id":"153","start_time":"2016-09-30 00:00:00","org_id":"","org_name":"联通宽带在线有限公司","revenue":"269673.89","income":"599275","month":"09","is_channel":"1","detail_report_path":"联通宽带在线有限公司/1609.xls","check_status":"1","buzz_type":"全曲","down_num":"599275","demo_num":"16063383"},{"user_num":"184722","create_time":"1544663755","status":"1","id":"154","start_time":"2016-10-31 00:00:00","org_id":"","org_name":"联通宽带在线有限公司","revenue":"425132.43","income":"944738","month":"10","is_channel":"1","detail_report_path":"联通宽带在线有限公司/1610.xls","check_status":"1","buzz_type":"全曲","down_num":"944738","demo_num":"25323421"},{"user_num":"98468","create_time":"1544663756","status":"1","id":"155","start_time":"2016-11-30 00:00:00","org_id":"","org_name":"联通宽带在线有限公司","revenue":"228917.47","income":"508705","month":"11","is_channel":"1","detail_report_path":"联通宽带在线有限公司/1611.xls","check_status":"1","buzz_type":"全曲","down_num":"508705","demo_num":"13635688"},{"user_num":"194487","create_time":"1544663757","status":"1","id":"156","start_time":"2016-12-31 00:00:00","org_id":"","org_name":"联通宽带在线有限公司","revenue":"446761.85","income":"992804","month":"12","is_channel":"1","detail_report_path":"联通宽带在线有限公司/1612.xls","check_status":"1","buzz_type":"全曲","down_num":"992804","demo_num":"26611798"},{"user_num":"103963","create_time":"1544663757","status":"1","id":"157","start_time":"2017-01-31 00:00:00","org_id":"","org_name":"联通宽带在线有限公司","revenue":"240564.07","income":"534586","month":"01","is_channel":"1","detail_report_path":"联通宽带在线有限公司/1701.xls","check_status":"1","buzz_type":"全曲","down_num":"534586","demo_num":"14329430"},{"user_num":"176791","create_time":"1544663758","status":"1","id":"158","start_time":"2017-02-28 00:00:00","org_id":"","org_name":"联通宽带在线有限公司","revenue":"406637.72","income":"903639","month":"02","is_channel":"1","detail_report_path":"联通宽带在线有限公司/1702.xls","check_status":"1","buzz_type":"全曲","down_num":"903639","demo_num":"24221766"},{"user_num":"94635","create_time":"1544663759","status":"1","id":"159","start_time":"2017-03-31 00:00:00","org_id":"","org_name":"联通宽带在线有限公司","revenue":"218958.77","income":"486575","month":"03","is_channel":"1","detail_report_path":"联通宽带在线有限公司/1703.xls","check_status":"1","buzz_type":"全曲","down_num":"486575","demo_num":"13042489"},{"user_num":"196356","create_time":"1544663760","status":"1","id":"160","start_time":"2017-04-30 00:00:00","org_id":"","org_name":"联通宽带在线有限公司","revenue":"452586.83","income":"1005748","month":"04","is_channel":"1","detail_report_path":"联通宽带在线有限公司/1704.xls","check_status":"1","buzz_type":"全曲","down_num":"1005748","demo_num":"26958769"},{"user_num":"105447","create_time":"1544663760","status":"1","id":"161","start_time":"2017-05-31 00:00:00","org_id":"","org_name":"联通宽带在线有限公司","revenue":"243700.61","income":"541556","month":"05","is_channel":"1","detail_report_path":"联通宽带在线有限公司/1705.xls","check_status":"1","buzz_type":"全曲","down_num":"541556","demo_num":"14516260"},{"user_num":"23358","create_time":"1544663761","status":"1","id":"162","start_time":"2012-06-30 00:00:00","org_id":"","org_name":"深圳深讯和科技有限公司","revenue":"54702.49","income":"121561","month":"06","is_channel":"1","detail_report_path":"深圳深讯和科技有限公司/1206.xls","check_status":"1","buzz_type":"全曲","down_num":"121561","demo_num":"3258406"},{"user_num":"29035","create_time":"1544663761","status":"1","id":"163","start_time":"2012-07-31 00:00:00","org_id":"","org_name":"深圳深讯和科技有限公司","revenue":"67827.79","income":"150728","month":"07","is_channel":"1","detail_report_path":"深圳深讯和科技有限公司/1207.xls","check_status":"1","buzz_type":"全曲","down_num":"150728","demo_num":"4040227"},{"user_num":"29408","create_time":"1544663762","status":"1","id":"164","start_time":"2012-08-31 00:00:00","org_id":"","org_name":"深圳深讯和科技有限公司","revenue":"67841.3","income":"150758","month":"08","is_channel":"1","detail_report_path":"深圳深讯和科技有限公司/1208.xls","check_status":"1","buzz_type":"全曲","down_num":"150758","demo_num":"4041032"},{"user_num":"18792","create_time":"1544663762","status":"1","id":"165","start_time":"2012-09-30 00:00:00","org_id":"","org_name":"深圳深讯和科技有限公司","revenue":"43853.67","income":"97452","month":"09","is_channel":"1","detail_report_path":"深圳深讯和科技有限公司/1209.xls","check_status":"1","buzz_type":"全曲","down_num":"97452","demo_num":"2612185"},{"user_num":"12582","create_time":"1544663762","status":"1","id":"166","start_time":"2012-12-31 00:00:00","org_id":"","org_name":"深圳深讯和科技有限公司","revenue":"29711.64","income":"66025","month":"12","is_channel":"1","detail_report_path":"深圳深讯和科技有限公司/1212.xls","check_status":"1","buzz_type":"全曲","down_num":"66025","demo_num":"1769802"},{"user_num":"12892","create_time":"1544663763","status":"1","id":"167","start_time":"2013-01-31 00:00:00","org_id":"","org_name":"深圳深讯和科技有限公司","revenue":"30443.78","income":"67652","month":"01","is_channel":"1","detail_report_path":"深圳深讯和科技有限公司/1301.xls","check_status":"1","buzz_type":"全曲","down_num":"67652","demo_num":"1813412"},{"user_num":"14589","create_time":"1544663763","status":"1","id":"168","start_time":"2013-02-28 00:00:00","org_id":"","org_name":"深圳深讯和科技有限公司","revenue":"34392.88","income":"76428","month":"02","is_channel":"1","detail_report_path":"深圳深讯和科技有限公司/1302.xls","check_status":"1","buzz_type":"全曲","down_num":"76428","demo_num":"2048644"},{"user_num":"13590","create_time":"1544663763","status":"1","id":"169","start_time":"2013-03-31 00:00:00","org_id":"","org_name":"深圳深讯和科技有限公司","revenue":"32373.43","income":"71940","month":"03","is_channel":"1","detail_report_path":"深圳深讯和科技有限公司/1303.xls","check_status":"1","buzz_type":"全曲","down_num":"71940","demo_num":"1928354"},{"user_num":"10669","create_time":"1544663764","status":"1","id":"170","start_time":"2013-04-30 00:00:00","org_id":"","org_name":"深圳深讯和科技有限公司","revenue":"25368.83","income":"56375","month":"04","is_channel":"1","detail_report_path":"深圳深讯和科技有限公司/1304.xls","check_status":"1","buzz_type":"全曲","down_num":"56375","demo_num":"1511118"},{"user_num":"9577","create_time":"1544663764","status":"1","id":"171","start_time":"2013-05-31 00:00:00","org_id":"","org_name":"深圳深讯和科技有限公司","revenue":"22762.32","income":"50582","month":"05","is_channel":"1","detail_report_path":"深圳深讯和科技有限公司/1305.xls","check_status":"1","buzz_type":"全曲","down_num":"50582","demo_num":"1355859"},{"user_num":"5886","create_time":"1544663764","status":"1","id":"172","start_time":"2013-06-30 00:00:00","org_id":"","org_name":"深圳深讯和科技有限公司","revenue":"14004.17","income":"31120","month":"06","is_channel":"1","detail_report_path":"深圳深讯和科技有限公司/1306.xls","check_status":"1","buzz_type":"全曲","down_num":"31120","demo_num":"834171"},{"user_num":"6698","create_time":"1544663764","status":"1","id":"173","start_time":"2013-07-31 00:00:00","org_id":"","org_name":"深圳深讯和科技有限公司","revenue":"16245.59","income":"36101","month":"07","is_channel":"1","detail_report_path":"深圳深讯和科技有限公司/1307.xls","check_status":"1","buzz_type":"全曲","down_num":"36101","demo_num":"967684"},{"user_num":"3330","create_time":"1544663765","status":"1","id":"174","start_time":"2013-08-31 00:00:00","org_id":"","org_name":"深圳深讯和科技有限公司","revenue":"8153.39","income":"18118","month":"08","is_channel":"1","detail_report_path":"深圳深讯和科技有限公司/1308.xls","check_status":"1","buzz_type":"全曲","down_num":"18118","demo_num":"485664"},{"user_num":"791","create_time":"1544663765","status":"1","id":"175","start_time":"2013-10-31 00:00:00","org_id":"","org_name":"深圳深讯和科技有限公司","revenue":"1927.25","income":"4282","month":"10","is_channel":"1","detail_report_path":"深圳深讯和科技有限公司/1310.xls","check_status":"1","buzz_type":"全曲","down_num":"4282","demo_num":"114798"},{"user_num":"699","create_time":"1544663765","status":"1","id":"176","start_time":"2013-11-30 00:00:00","org_id":"","org_name":"深圳深讯和科技有限公司","revenue":"1707.23","income":"3793","month":"11","is_channel":"1","detail_report_path":"深圳深讯和科技有限公司/1311.xls","check_status":"1","buzz_type":"全曲","down_num":"3793","demo_num":"101692"},{"user_num":"625","create_time":"1544663765","status":"1","id":"177","start_time":"2013-12-31 00:00:00","org_id":"","org_name":"深圳深讯和科技有限公司","revenue":"1535.29","income":"3411","month":"12","is_channel":"1","detail_report_path":"深圳深讯和科技有限公司/1312.xls","check_status":"1","buzz_type":"全曲","down_num":"3411","demo_num":"91451"},{"user_num":"44","create_time":"1544663765","status":"1","id":"178","start_time":"2014-01-31 00:00:00","org_id":"","org_name":"深圳深讯和科技有限公司","revenue":"532.88","income":"1184","month":"01","is_channel":"1","detail_report_path":"深圳深讯和科技有限公司/1401.xls","check_status":"1","buzz_type":"全曲","down_num":"1184","demo_num":"31741"},{"user_num":"270","create_time":"1544663765","status":"1","id":"179","start_time":"2014-02-28 00:00:00","org_id":"","org_name":"深圳深讯和科技有限公司","revenue":"755.52","income":"1678","month":"02","is_channel":"1","detail_report_path":"深圳深讯和科技有限公司/1402.xls","check_status":"1","buzz_type":"全曲","down_num":"1678","demo_num":"45003"},{"user_num":"709","create_time":"1544663766","status":"1","id":"180","start_time":"2014-03-31 00:00:00","org_id":"","org_name":"深圳深讯和科技有限公司","revenue":"1720.78","income":"3823","month":"03","is_channel":"1","detail_report_path":"深圳深讯和科技有限公司/1403.xls","check_status":"1","buzz_type":"全曲","down_num":"3823","demo_num":"102499"},{"user_num":"398","create_time":"1544663766","status":"1","id":"181","start_time":"2014-04-30 00:00:00","org_id":"","org_name":"深圳深讯和科技有限公司","revenue":"985.14","income":"2189","month":"04","is_channel":"1","detail_report_path":"深圳深讯和科技有限公司/1404.xls","check_status":"1","buzz_type":"全曲","down_num":"2189","demo_num":"58680"},{"user_num":"46","create_time":"1544663766","status":"1","id":"182","start_time":"2014-05-31 00:00:00","org_id":"","org_name":"深圳深讯和科技有限公司","revenue":"463.4","income":"1029","month":"05","is_channel":"1","detail_report_path":"深圳深讯和科技有限公司/1405.xls","check_status":"1","buzz_type":"全曲","down_num":"1029","demo_num":"27602"},{"user_num":"30","create_time":"1544663766","status":"1","id":"183","start_time":"2014-06-30 00:00:00","org_id":"","org_name":"深圳深讯和科技有限公司","revenue":"140.49","income":"312","month":"06","is_channel":"1","detail_report_path":"深圳深讯和科技有限公司/1406.xls","check_status":"1","buzz_type":"全曲","down_num":"312","demo_num":"8368"},{"user_num":"31","create_time":"1544663766","status":"1","id":"184","start_time":"2014-07-31 00:00:00","org_id":"","org_name":"深圳深讯和科技有限公司","revenue":"74.07","income":"164","month":"07","is_channel":"1","detail_report_path":"深圳深讯和科技有限公司/1407.xls","check_status":"1","buzz_type":"全曲","down_num":"164","demo_num":"4412"},{"user_num":"41","create_time":"1544663766","status":"1","id":"185","start_time":"2014-08-31 00:00:00","org_id":"","org_name":"深圳深讯和科技有限公司","revenue":"214.32","income":"476","month":"08","is_channel":"1","detail_report_path":"深圳深讯和科技有限公司/1408.xls","check_status":"1","buzz_type":"全曲","down_num":"476","demo_num":"12766"},{"user_num":"39","create_time":"1544663767","status":"1","id":"186","start_time":"2014-09-30 00:00:00","org_id":"","org_name":"深圳深讯和科技有限公司","revenue":"39.3","income":"87","month":"09","is_channel":"1","detail_report_path":"深圳深讯和科技有限公司/1409.xls","check_status":"1","buzz_type":"全曲","down_num":"87","demo_num":"2340"},{"user_num":"51753","create_time":"1544663767","status":"1","id":"187","start_time":"2014-04-30 00:00:00","org_id":"","org_name":"天翼爱音乐文化科技有限公司","revenue":"119499.76","income":"265555","month":"04","is_channel":"1","detail_report_path":"天翼爱音乐文化科技有限公司/1404.xls","check_status":"1","buzz_type":"全曲","down_num":"265555","demo_num":"7118118"},{"user_num":"27831","create_time":"1544663767","status":"1","id":"188","start_time":"2014-05-31 00:00:00","org_id":"","org_name":"天翼爱音乐文化科技有限公司","revenue":"64346.03","income":"142991","month":"05","is_channel":"1","detail_report_path":"天翼爱音乐文化科技有限公司/1405.xls","check_status":"1","buzz_type":"全曲","down_num":"142991","demo_num":"3832832"},{"user_num":"179358","create_time":"1544663768","status":"1","id":"189","start_time":"2014-06-30 00:00:00","org_id":"","org_name":"天翼爱音乐文化科技有限公司","revenue":"411670.35","income":"914823","month":"06","is_channel":"1","detail_report_path":"天翼爱音乐文化科技有限公司/1406.xls","check_status":"1","buzz_type":"全曲","down_num":"914823","demo_num":"24521539"},{"user_num":"95730","create_time":"1544663769","status":"1","id":"190","start_time":"2014-07-31 00:00:00","org_id":"","org_name":"天翼爱音乐文化科技有限公司","revenue":"221668.65","income":"492597","month":"07","is_channel":"1","detail_report_path":"天翼爱音乐文化科技有限公司/1407.xls","check_status":"1","buzz_type":"全曲","down_num":"492597","demo_num":"13203906"},{"user_num":"238381","create_time":"1544663770","status":"1","id":"191","start_time":"2014-08-31 00:00:00","org_id":"","org_name":"天翼爱音乐文化科技有限公司","revenue":"547477.43","income":"1216616","month":"08","is_channel":"1","detail_report_path":"天翼爱音乐文化科技有限公司/1408.xls","check_status":"1","buzz_type":"全曲","down_num":"1216616","demo_num":"32611018"},{"user_num":"126481","create_time":"1544663771","status":"1","id":"192","start_time":"2014-09-30 00:00:00","org_id":"","org_name":"天翼爱音乐文化科技有限公司","revenue":"294795.54","income":"655101","month":"09","is_channel":"1","detail_report_path":"天翼爱音乐文化科技有限公司/1409.xls","check_status":"1","buzz_type":"全曲","down_num":"655101","demo_num":"17559779"},{"user_num":"228898","create_time":"1544663772","status":"1","id":"193","start_time":"2014-10-31 00:00:00","org_id":"","org_name":"天翼爱音乐文化科技有限公司","revenue":"523670.49","income":"1163712","month":"10","is_channel":"1","detail_report_path":"天翼爱音乐文化科技有限公司/1410.xls","check_status":"1","buzz_type":"全曲","down_num":"1163712","demo_num":"31192935"},{"user_num":"120924","create_time":"1544663773","status":"1","id":"194","start_time":"2014-11-30 00:00:00","org_id":"","org_name":"天翼爱音乐文化科技有限公司","revenue":"281976.42","income":"626614","month":"11","is_channel":"1","detail_report_path":"天翼爱音乐文化科技有限公司/1411.xls","check_status":"1","buzz_type":"全曲","down_num":"626614","demo_num":"16796196"},{"user_num":"232481","create_time":"1544663774","status":"1","id":"195","start_time":"2014-12-31 00:00:00","org_id":"","org_name":"天翼爱音乐文化科技有限公司","revenue":"533217.21","income":"1184927","month":"12","is_channel":"1","detail_report_path":"天翼爱音乐文化科技有限公司/1412.xls","check_status":"1","buzz_type":"全曲","down_num":"1184927","demo_num":"31761595"},{"user_num":"123867","create_time":"1544663774","status":"1","id":"196","start_time":"2015-01-31 00:00:00","org_id":"","org_name":"天翼爱音乐文化科技有限公司","revenue":"287116.96","income":"638037","month":"01","is_channel":"1","detail_report_path":"天翼爱音乐文化科技有限公司/1501.xls","check_status":"1","buzz_type":"全曲","down_num":"638037","demo_num":"17102397"},{"user_num":"202280","create_time":"1544663775","status":"1","id":"197","start_time":"2015-02-28 00:00:00","org_id":"","org_name":"天翼爱音乐文化科技有限公司","revenue":"465486.57","income":"1034414","month":"02","is_channel":"1","detail_report_path":"天翼爱音乐文化科技有限公司/1502.xls","check_status":"1","buzz_type":"全曲","down_num":"1034414","demo_num":"27727154"},{"user_num":"108526","create_time":"1544663776","status":"1","id":"198","start_time":"2015-03-31 00:00:00","org_id":"","org_name":"天翼爱音乐文化科技有限公司","revenue":"250646.62","income":"556992","month":"03","is_channel":"1","detail_report_path":"天翼爱音乐文化科技有限公司/1503.xls","check_status":"1","buzz_type":"全曲","down_num":"556992","demo_num":"14930006"},{"user_num":"178883","create_time":"1544663777","status":"1","id":"199","start_time":"2015-04-30 00:00:00","org_id":"","org_name":"天翼爱音乐文化科技有限公司","revenue":"411634.26","income":"914742","month":"04","is_channel":"1","detail_report_path":"天翼爱音乐文化科技有限公司/1504.xls","check_status":"1","buzz_type":"全曲","down_num":"914742","demo_num":"24519389"},{"user_num":"95817","create_time":"1544663778","status":"1","id":"200","start_time":"2015-05-31 00:00:00","org_id":"","org_name":"天翼爱音乐文化科技有限公司","revenue":"221649.21","income":"492553","month":"05","is_channel":"1","detail_report_path":"天翼爱音乐文化科技有限公司/1505.xls","check_status":"1","buzz_type":"全曲","down_num":"492553","demo_num":"13202748"},{"user_num":"158398","create_time":"1544663779","status":"1","id":"201","start_time":"2015-06-30 00:00:00","org_id":"","org_name":"天翼爱音乐文化科技有限公司","revenue":"366107.31","income":"813571","month":"06","is_channel":"1","detail_report_path":"天翼爱音乐文化科技有限公司/1506.xls","check_status":"1","buzz_type":"全曲","down_num":"813571","demo_num":"21807533"},{"user_num":"85337","create_time":"1544663779","status":"1","id":"202","start_time":"2015-07-31 00:00:00","org_id":"","org_name":"天翼爱音乐文化科技有限公司","revenue":"197134.7","income":"438077","month":"07","is_channel":"1","detail_report_path":"天翼爱音乐文化科技有限公司/1507.xls","check_status":"1","buzz_type":"全曲","down_num":"438077","demo_num":"11742517"},{"user_num":"146027","create_time":"1544663780","status":"1","id":"203","start_time":"2015-08-31 00:00:00","org_id":"","org_name":"天翼爱音乐文化科技有限公司","revenue":"338041.98","income":"751204","month":"08","is_channel":"1","detail_report_path":"天翼爱音乐文化科技有限公司/1508.xls","check_status":"1","buzz_type":"全曲","down_num":"751204","demo_num":"20135794"},{"user_num":"78966","create_time":"1544663781","status":"1","id":"204","start_time":"2015-09-30 00:00:00","org_id":"","org_name":"天翼爱音乐文化科技有限公司","revenue":"182022.61","income":"404494","month":"09","is_channel":"1","detail_report_path":"天翼爱音乐文化科技有限公司/1509.xls","check_status":"1","buzz_type":"全曲","down_num":"404494","demo_num":"10842351"},{"user_num":"147976","create_time":"1544663782","status":"1","id":"205","start_time":"2015-10-31 00:00:00","org_id":"","org_name":"天翼爱音乐文化科技有限公司","revenue":"343145.72","income":"762546","month":"10","is_channel":"1","detail_report_path":"天翼爱音乐文化科技有限公司/1510.xls","check_status":"1","buzz_type":"全曲","down_num":"762546","demo_num":"20439804"},{"user_num":"80036","create_time":"1544663782","status":"1","id":"206","start_time":"2015-11-30 00:00:00","org_id":"","org_name":"天翼爱音乐文化科技有限公司","revenue":"184770.77","income":"410601","month":"11","is_channel":"1","detail_report_path":"天翼爱音乐文化科技有限公司/1511.xls","check_status":"1","buzz_type":"全曲","down_num":"410601","demo_num":"11006048"},{"user_num":"131656","create_time":"1544663783","status":"1","id":"207","start_time":"2015-12-31 00:00:00","org_id":"","org_name":"天翼爱音乐文化科技有限公司","revenue":"307192.97","income":"682651","month":"12","is_channel":"1","detail_report_path":"天翼爱音乐文化科技有限公司/1512.xls","check_status":"1","buzz_type":"全曲","down_num":"682651","demo_num":"18298244"},{"user_num":"71104","create_time":"1544663784","status":"1","id":"208","start_time":"2016-01-31 00:00:00","org_id":"","org_name":"天翼爱音乐文化科技有限公司","revenue":"165411.6","income":"367581","month":"01","is_channel":"1","detail_report_path":"天翼爱音乐文化科技有限公司/1601.xls","check_status":"1","buzz_type":"全曲","down_num":"367581","demo_num":"9852900"},{"user_num":"116948","create_time":"1544663785","status":"1","id":"209","start_time":"2016-02-29 00:00:00","org_id":"","org_name":"天翼爱音乐文化科技有限公司","revenue":"270903.09","income":"602006","month":"02","is_channel":"1","detail_report_path":"天翼爱音乐文化科技有限公司/1602.xls","check_status":"1","buzz_type":"全曲","down_num":"602006","demo_num":"16136602"},{"user_num":"62384","create_time":"1544663785","status":"1","id":"210","start_time":"2016-03-31 00:00:00","org_id":"","org_name":"天翼爱音乐文化科技有限公司","revenue":"145870.89","income":"324157","month":"03","is_channel":"1","detail_report_path":"天翼爱音乐文化科技有限公司/1603.xls","check_status":"1","buzz_type":"全曲","down_num":"324157","demo_num":"8688939"},{"user_num":"103284","create_time":"1544663786","status":"1","id":"211","start_time":"2016-04-30 00:00:00","org_id":"","org_name":"天翼爱音乐文化科技有限公司","revenue":"239434.36","income":"532076","month":"04","is_channel":"1","detail_report_path":"天翼爱音乐文化科技有限公司/1604.xls","check_status":"1","buzz_type":"全曲","down_num":"532076","demo_num":"14262137"},{"user_num":"55769","create_time":"1544663786","status":"1","id":"212","start_time":"2016-05-31 00:00:00","org_id":"","org_name":"天翼爱音乐文化科技有限公司","revenue":"128926.19","income":"286502","month":"05","is_channel":"1","detail_report_path":"天翼爱音乐文化科技有限公司/1605.xls","check_status":"1","buzz_type":"全曲","down_num":"286502","demo_num":"7679612"},{"user_num":"100645","create_time":"1544663787","status":"1","id":"213","start_time":"2016-06-30 00:00:00","org_id":"","org_name":"天翼爱音乐文化科技有限公司","revenue":"233058.06","income":"517906","month":"06","is_channel":"1","detail_report_path":"天翼爱音乐文化科技有限公司/1606.xls","check_status":"1","buzz_type":"全曲","down_num":"517906","demo_num":"13882327"},{"user_num":"54198","create_time":"1544663787","status":"1","id":"214","start_time":"2016-07-31 00:00:00","org_id":"","org_name":"天翼爱音乐文化科技有限公司","revenue":"125492.8","income":"278872","month":"07","is_channel":"1","detail_report_path":"天翼爱音乐文化科技有限公司/1607.xls","check_status":"1","buzz_type":"全曲","down_num":"278872","demo_num":"7475099"},{"user_num":"97760","create_time":"1544663788","status":"1","id":"215","start_time":"2016-08-31 00:00:00","org_id":"","org_name":"天翼爱音乐文化科技有限公司","revenue":"226720.14","income":"503822","month":"08","is_channel":"1","detail_report_path":"天翼爱音乐文化科技有限公司/1608.xls","check_status":"1","buzz_type":"全曲","down_num":"503822","demo_num":"13504803"},{"user_num":"52896","create_time":"1544663789","status":"1","id":"216","start_time":"2016-09-30 00:00:00","org_id":"","org_name":"天翼爱音乐文化科技有限公司","revenue":"122080.08","income":"271289","month":"09","is_channel":"1","detail_report_path":"天翼爱音乐文化科技有限公司/1609.xls","check_status":"1","buzz_type":"全曲","down_num":"271289","demo_num":"7271816"},{"user_num":"89733","create_time":"1544663789","status":"1","id":"217","start_time":"2016-10-31 00:00:00","org_id":"","org_name":"天翼爱音乐文化科技有限公司","revenue":"207418.67","income":"460930","month":"10","is_channel":"1","detail_report_path":"天翼爱音乐文化科技有限公司/1610.xls","check_status":"1","buzz_type":"全曲","down_num":"460930","demo_num":"12355091"},{"user_num":"48008","create_time":"1544663790","status":"1","id":"218","start_time":"2016-11-30 00:00:00","org_id":"","org_name":"天翼爱音乐文化科技有限公司","revenue":"111686.98","income":"248193","month":"11","is_channel":"1","detail_report_path":"天翼爱音乐文化科技有限公司/1611.xls","check_status":"1","buzz_type":"全曲","down_num":"248193","demo_num":"6652741"},{"user_num":"87335","create_time":"1544663790","status":"1","id":"219","start_time":"2016-12-31 00:00:00","org_id":"","org_name":"天翼爱音乐文化科技有限公司","revenue":"201002.99","income":"446673","month":"12","is_channel":"1","detail_report_path":"天翼爱音乐文化科技有限公司/1612.xls","check_status":"1","buzz_type":"全曲","down_num":"446673","demo_num":"11972936"},{"user_num":"46771","create_time":"1544663791","status":"1","id":"220","start_time":"2017-01-31 00:00:00","org_id":"","org_name":"天翼爱音乐文化科技有限公司","revenue":"108232.38","income":"240516","month":"01","is_channel":"1","detail_report_path":"天翼爱音乐文化科技有限公司/1701.xls","check_status":"1","buzz_type":"全曲","down_num":"240516","demo_num":"6446965"},{"user_num":"79068","create_time":"1544663791","status":"1","id":"221","start_time":"2017-02-28 00:00:00","org_id":"","org_name":"天翼爱音乐文化科技有限公司","revenue":"181737.4","income":"403860","month":"02","is_channel":"1","detail_report_path":"天翼爱音乐文化科技有限公司/1702.xls","check_status":"1","buzz_type":"全曲","down_num":"403860","demo_num":"10825362"},{"user_num":"42109","create_time":"1544663792","status":"1","id":"222","start_time":"2017-03-31 00:00:00","org_id":"","org_name":"天翼爱音乐文化科技有限公司","revenue":"97858.59","income":"217463","month":"03","is_channel":"1","detail_report_path":"天翼爱音乐文化科技有限公司/1703.xls","check_status":"1","buzz_type":"全曲","down_num":"217463","demo_num":"5829041"},{"user_num":"71141","create_time":"1544663792","status":"1","id":"223","start_time":"2017-04-30 00:00:00","org_id":"","org_name":"天翼爱音乐文化科技有限公司","revenue":"164641.46","income":"365869","month":"04","is_channel":"1","detail_report_path":"天翼爱音乐文化科技有限公司/1704.xls","check_status":"1","buzz_type":"全曲","down_num":"365869","demo_num":"9807026"},{"user_num":"38009","create_time":"1544663793","status":"1","id":"224","start_time":"2017-05-31 00:00:00","org_id":"","org_name":"天翼爱音乐文化科技有限公司","revenue":"88653.1","income":"197006","month":"05","is_channel":"1","detail_report_path":"天翼爱音乐文化科技有限公司/1705.xls","check_status":"1","buzz_type":"全曲","down_num":"197006","demo_num":"5280706"},{"user_num":"64496","create_time":"1544663793","status":"1","id":"225","start_time":"2017-06-30 00:00:00","org_id":"","org_name":"天翼爱音乐文化科技有限公司","revenue":"149534.81","income":"332299","month":"06","is_channel":"1","detail_report_path":"天翼爱音乐文化科技有限公司/1706.xls","check_status":"1","buzz_type":"全曲","down_num":"332299","demo_num":"8907184"},{"user_num":"34257","create_time":"1544663794","status":"1","id":"226","start_time":"2017-07-31 00:00:00","org_id":"","org_name":"天翼爱音乐文化科技有限公司","revenue":"80518.74","income":"178930","month":"07","is_channel":"1","detail_report_path":"天翼爱音乐文化科技有限公司/1707.xls","check_status":"1","buzz_type":"全曲","down_num":"178930","demo_num":"4796176"},{"user_num":"59126","create_time":"1544663794","status":"1","id":"227","start_time":"2017-08-31 00:00:00","org_id":"","org_name":"天翼爱音乐文化科技有限公司","revenue":"137021.49","income":"304492","month":"08","is_channel":"1","detail_report_path":"天翼爱音乐文化科技有限公司/1708.xls","check_status":"1","buzz_type":"全曲","down_num":"304492","demo_num":"8161816"},{"user_num":"31385","create_time":"1544663795","status":"1","id":"228","start_time":"2017-09-30 00:00:00","org_id":"","org_name":"天翼爱音乐文化科技有限公司","revenue":"73780.8","income":"163957","month":"09","is_channel":"1","detail_report_path":"天翼爱音乐文化科技有限公司/1709.xls","check_status":"1","buzz_type":"全曲","down_num":"163957","demo_num":"4394824"},{"user_num":"48822","create_time":"1544663795","status":"1","id":"229","start_time":"2017-10-31 00:00:00","org_id":"","org_name":"天翼爱音乐文化科技有限公司","revenue":"112919.85","income":"250932","month":"10","is_channel":"1","detail_report_path":"天翼爱音乐文化科技有限公司/1710.xls","check_status":"1","buzz_type":"全曲","down_num":"250932","demo_num":"6726178"},{"user_num":"26131","create_time":"1544663795","status":"1","id":"230","start_time":"2017-11-30 00:00:00","org_id":"","org_name":"天翼爱音乐文化科技有限公司","revenue":"60803","income":"135117","month":"11","is_channel":"1","detail_report_path":"天翼爱音乐文化科技有限公司/1711.xls","check_status":"1","buzz_type":"全曲","down_num":"135117","demo_num":"3621788"},{"user_num":"42462","create_time":"1544663796","status":"1","id":"231","start_time":"2016-10-31 00:00:00","org_id":"","org_name":"幽幽联动（北京）科技有限公司","revenue":"98452.99","income":"218784","month":"10","is_channel":"1","detail_report_path":"幽幽联动（北京）科技有限公司/1610.xls","check_status":"1","buzz_type":"全曲","down_num":"218784","demo_num":"5864446"},{"user_num":"120885","create_time":"1544663797","status":"1","id":"232","start_time":"2016-11-30 00:00:00","org_id":"","org_name":"幽幽联动（北京）科技有限公司","revenue":"281739.51","income":"626087","month":"11","is_channel":"1","detail_report_path":"幽幽联动（北京）科技有限公司/1611.xls","check_status":"1","buzz_type":"全曲","down_num":"626087","demo_num":"16782084"},{"user_num":"112163","create_time":"1544663797","status":"1","id":"233","start_time":"2016-12-31 00:00:00","org_id":"","org_name":"幽幽联动（北京）科技有限公司","revenue":"258391.76","income":"574203","month":"12","is_channel":"1","detail_report_path":"幽幽联动（北京）科技有限公司/1612.xls","check_status":"1","buzz_type":"全曲","down_num":"574203","demo_num":"15391353"},{"user_num":"181341","create_time":"1544663798","status":"1","id":"234","start_time":"2017-01-31 00:00:00","org_id":"","org_name":"幽幽联动（北京）科技有限公司","revenue":"417815.9","income":"928479","month":"01","is_channel":"1","detail_report_path":"幽幽联动（北京）科技有限公司/1701.xls","check_status":"1","buzz_type":"全曲","down_num":"928479","demo_num":"24887605"},{"user_num":"161765","create_time":"1544663799","status":"1","id":"235","start_time":"2017-02-28 00:00:00","org_id":"","org_name":"幽幽联动（北京）科技有限公司","revenue":"372821.12","income":"828491","month":"02","is_channel":"1","detail_report_path":"幽幽联动（北京）科技有限公司/1702.xls","check_status":"1","buzz_type":"全曲","down_num":"828491","demo_num":"22207447"},{"user_num":"126599","create_time":"1544663800","status":"1","id":"236","start_time":"2017-03-31 00:00:00","org_id":"","org_name":"幽幽联动（北京）科技有限公司","revenue":"294863.88","income":"655253","month":"03","is_channel":"1","detail_report_path":"幽幽联动（北京）科技有限公司/1703.xls","check_status":"1","buzz_type":"全曲","down_num":"655253","demo_num":"17563850"},{"user_num":"113235","create_time":"1544663801","status":"1","id":"237","start_time":"2017-04-30 00:00:00","org_id":"","org_name":"幽幽联动（北京）科技有限公司","revenue":"260616.9","income":"579148","month":"04","is_channel":"1","detail_report_path":"幽幽联动（北京）科技有限公司/1704.xls","check_status":"1","buzz_type":"全曲","down_num":"579148","demo_num":"15523895"},{"user_num":"167682","create_time":"1544663801","status":"1","id":"238","start_time":"2017-05-31 00:00:00","org_id":"","org_name":"幽幽联动（北京）科技有限公司","revenue":"385736.06","income":"857191","month":"05","is_channel":"1","detail_report_path":"幽幽联动（北京）科技有限公司/1705.xls","check_status":"1","buzz_type":"全曲","down_num":"857191","demo_num":"22976738"},{"user_num":"157413","create_time":"1544663802","status":"1","id":"239","start_time":"2017-06-30 00:00:00","org_id":"","org_name":"幽幽联动（北京）科技有限公司","revenue":"363337.81","income":"807417","month":"06","is_channel":"1","detail_report_path":"幽幽联动（北京）科技有限公司/1706.xls","check_status":"1","buzz_type":"全曲","down_num":"807417","demo_num":"21642565"},{"user_num":"1043","create_time":"1544663803","status":"1","id":"240","start_time":"2012-09-30 00:00:00","org_id":"","org_name":"中国电信股份有限公司福建信息产业分公司","revenue":"2497.95","income":"5551","month":"09","is_channel":"1","detail_report_path":"中国电信股份有限公司福建信息产业分公司/1209.xls","check_status":"1","buzz_type":"全曲","down_num":"5551","demo_num":"148792"},{"user_num":"12552","create_time":"1544663803","status":"1","id":"241","start_time":"2012-10-31 00:00:00","org_id":"","org_name":"中国电信股份有限公司福建信息产业分公司","revenue":"29844.08","income":"66320","month":"10","is_channel":"1","detail_report_path":"中国电信股份有限公司福建信息产业分公司/1210.xls","check_status":"1","buzz_type":"全曲","down_num":"66320","demo_num":"1777691"},{"user_num":"2590","create_time":"1544663803","status":"1","id":"242","start_time":"2012-11-30 00:00:00","org_id":"","org_name":"中国电信股份有限公司福建信息产业分公司","revenue":"6123.73","income":"13608","month":"11","is_channel":"1","detail_report_path":"中国电信股份有限公司福建信息产业分公司/1211.xls","check_status":"1","buzz_type":"全曲","down_num":"13608","demo_num":"364765"},{"user_num":"1490","create_time":"1544663803","status":"1","id":"243","start_time":"2012-12-31 00:00:00","org_id":"","org_name":"中国电信股份有限公司福建信息产业分公司","revenue":"3497.18","income":"7771","month":"12","is_channel":"1","detail_report_path":"中国电信股份有限公司福建信息产业分公司/1212.xls","check_status":"1","buzz_type":"全曲","down_num":"7771","demo_num":"208312"},{"user_num":"1189","create_time":"1544663803","status":"1","id":"244","start_time":"2013-01-31 00:00:00","org_id":"","org_name":"中国电信股份有限公司福建信息产业分公司","revenue":"2911.41","income":"6469","month":"01","is_channel":"1","detail_report_path":"中国电信股份有限公司福建信息产业分公司/1301.xls","check_status":"1","buzz_type":"全曲","down_num":"6469","demo_num":"173420"},{"user_num":"1203","create_time":"1544663804","status":"1","id":"245","start_time":"2013-02-28 00:00:00","org_id":"","org_name":"中国电信股份有限公司福建信息产业分公司","revenue":"2877.1","income":"6393","month":"02","is_channel":"1","detail_report_path":"中国电信股份有限公司福建信息产业分公司/1302.xls","check_status":"1","buzz_type":"全曲","down_num":"6393","demo_num":"171377"},{"user_num":"1251","create_time":"1544663804","status":"1","id":"246","start_time":"2013-03-31 00:00:00","org_id":"","org_name":"中国电信股份有限公司福建信息产业分公司","revenue":"2979.38","income":"6620","month":"03","is_channel":"1","detail_report_path":"中国电信股份有限公司福建信息产业分公司/1303.xls","check_status":"1","buzz_type":"全曲","down_num":"6620","demo_num":"177469"},{"user_num":"4994","create_time":"1544663804","status":"1","id":"247","start_time":"2013-04-30 00:00:00","org_id":"","org_name":"中国电信股份有限公司福建信息产业分公司","revenue":"11929.65","income":"26510","month":"04","is_channel":"1","detail_report_path":"中国电信股份有限公司福建信息产业分公司/1304.xls","check_status":"1","buzz_type":"全曲","down_num":"26510","demo_num":"710601"},{"user_num":"11822","create_time":"1544663804","status":"1","id":"248","start_time":"2013-05-31 00:00:00","org_id":"","org_name":"中国电信股份有限公司福建信息产业分公司","revenue":"28071.71","income":"62381","month":"05","is_channel":"1","detail_report_path":"中国电信股份有限公司福建信息产业分公司/1305.xls","check_status":"1","buzz_type":"全曲","down_num":"62381","demo_num":"1672118"},{"user_num":"135","create_time":"1544663805","status":"1","id":"249","start_time":"2013-06-30 00:00:00","org_id":"","org_name":"中国电信股份有限公司福建信息产业分公司","revenue":"634.76","income":"1410","month":"06","is_channel":"1","detail_report_path":"中国电信股份有限公司福建信息产业分公司/1306.xls","check_status":"1","buzz_type":"全曲","down_num":"1410","demo_num":"37810"},{"user_num":"167","create_time":"1544663805","status":"1","id":"250","start_time":"2013-07-31 00:00:00","org_id":"","org_name":"中国电信股份有限公司福建信息产业分公司","revenue":"689.48","income":"1532","month":"07","is_channel":"1","detail_report_path":"中国电信股份有限公司福建信息产业分公司/1307.xls","check_status":"1","buzz_type":"全曲","down_num":"1532","demo_num":"41069"},{"user_num":"6212","create_time":"1544663805","status":"1","id":"251","start_time":"2013-08-31 00:00:00","org_id":"","org_name":"中国电信股份有限公司福建信息产业分公司","revenue":"14986.98","income":"33304","month":"08","is_channel":"1","detail_report_path":"中国电信股份有限公司福建信息产业分公司/1308.xls","check_status":"1","buzz_type":"全曲","down_num":"33304","demo_num":"892713"},{"user_num":"14385","create_time":"1544663805","status":"1","id":"252","start_time":"2013-09-30 00:00:00","org_id":"","org_name":"中国电信股份有限公司福建信息产业分公司","revenue":"33977.1","income":"75504","month":"09","is_channel":"1","detail_report_path":"中国电信股份有限公司福建信息产业分公司/1309.xls","check_status":"1","buzz_type":"全曲","down_num":"75504","demo_num":"2023878"},{"user_num":"13874","create_time":"1544663806","status":"1","id":"253","start_time":"2013-10-31 00:00:00","org_id":"","org_name":"中国电信股份有限公司福建信息产业分公司","revenue":"32890.14","income":"73089","month":"10","is_channel":"1","detail_report_path":"中国电信股份有限公司福建信息产业分公司/1310.xls","check_status":"1","buzz_type":"全曲","down_num":"73089","demo_num":"1959132"},{"user_num":"2229","create_time":"1544663806","status":"1","id":"254","start_time":"2013-11-30 00:00:00","org_id":"","org_name":"中国电信股份有限公司福建信息产业分公司","revenue":"5388.49","income":"11974","month":"11","is_channel":"1","detail_report_path":"中国电信股份有限公司福建信息产业分公司/1311.xls","check_status":"1","buzz_type":"全曲","down_num":"11974","demo_num":"320970"},{"user_num":"15485","create_time":"1544663806","status":"1","id":"255","start_time":"2013-12-31 00:00:00","org_id":"","org_name":"中国电信股份有限公司福建信息产业分公司","revenue":"36457.2","income":"81016","month":"12","is_channel":"1","detail_report_path":"中国电信股份有限公司福建信息产业分公司/1312.xls","check_status":"1","buzz_type":"全曲","down_num":"81016","demo_num":"2171608"},{"user_num":"31908","create_time":"1544663807","status":"1","id":"256","start_time":"2014-01-31 00:00:00","org_id":"","org_name":"中国电信股份有限公司福建信息产业分公司","revenue":"75045.48","income":"166767","month":"01","is_channel":"1","detail_report_path":"中国电信股份有限公司福建信息产业分公司/1401.xls","check_status":"1","buzz_type":"全曲","down_num":"166767","demo_num":"4470156"},{"user_num":"20422","create_time":"1544663807","status":"1","id":"257","start_time":"2014-02-28 00:00:00","org_id":"","org_name":"中国电信股份有限公司福建信息产业分公司","revenue":"47398.46","income":"105329","month":"02","is_channel":"1","detail_report_path":"中国电信股份有限公司福建信息产业分公司/1402.xls","check_status":"1","buzz_type":"全曲","down_num":"105329","demo_num":"2823334"},{"user_num":"9606","create_time":"1544663807","status":"1","id":"258","start_time":"2014-03-31 00:00:00","org_id":"","org_name":"中国电信股份有限公司福建信息产业分公司","revenue":"22752.42","income":"50560","month":"03","is_channel":"1","detail_report_path":"中国电信股份有限公司福建信息产业分公司/1403.xls","check_status":"1","buzz_type":"全曲","down_num":"50560","demo_num":"1355269"},{"user_num":"22815","create_time":"1544663808","status":"1","id":"259","start_time":"2014-04-30 00:00:00","org_id":"","org_name":"中国电信股份有限公司福建信息产业分公司","revenue":"53325.06","income":"118500","month":"04","is_channel":"1","detail_report_path":"中国电信股份有限公司福建信息产业分公司/1404.xls","check_status":"1","buzz_type":"全曲","down_num":"118500","demo_num":"3176358"},{"user_num":"22063","create_time":"1544663808","status":"1","id":"260","start_time":"2014-05-31 00:00:00","org_id":"","org_name":"中国电信股份有限公司福建信息产业分公司","revenue":"51294.66","income":"113988","month":"05","is_channel":"1","detail_report_path":"中国电信股份有限公司福建信息产业分公司/1405.xls","check_status":"1","buzz_type":"全曲","down_num":"113988","demo_num":"3055415"},{"user_num":"6121","create_time":"1544663808","status":"1","id":"261","start_time":"2014-06-30 00:00:00","org_id":"","org_name":"中国电信股份有限公司福建信息产业分公司","revenue":"14843.52","income":"32985","month":"06","is_channel":"1","detail_report_path":"中国电信股份有限公司福建信息产业分公司/1406.xls","check_status":"1","buzz_type":"全曲","down_num":"32985","demo_num":"884168"},{"user_num":"6064","create_time":"1544663808","status":"1","id":"262","start_time":"2014-07-31 00:00:00","org_id":"","org_name":"中国电信股份有限公司福建信息产业分公司","revenue":"14570.08","income":"32377","month":"07","is_channel":"1","detail_report_path":"中国电信股份有限公司福建信息产业分公司/1407.xls","check_status":"1","buzz_type":"全曲","down_num":"32377","demo_num":"867880"},{"user_num":"6612","create_time":"1544663809","status":"1","id":"263","start_time":"2014-08-31 00:00:00","org_id":"","org_name":"中国电信股份有限公司福建信息产业分公司","revenue":"15942.01","income":"35426","month":"08","is_channel":"1","detail_report_path":"中国电信股份有限公司福建信息产业分公司/1408.xls","check_status":"1","buzz_type":"全曲","down_num":"35426","demo_num":"949601"},{"user_num":"4104","create_time":"1544663809","status":"1","id":"264","start_time":"2014-09-30 00:00:00","org_id":"","org_name":"中国电信股份有限公司福建信息产业分公司","revenue":"9867.79","income":"21928","month":"09","is_channel":"1","detail_report_path":"中国电信股份有限公司福建信息产业分公司/1409.xls","check_status":"1","buzz_type":"全曲","down_num":"21928","demo_num":"587784"},{"user_num":"4110","create_time":"1544663809","status":"1","id":"265","start_time":"2014-10-31 00:00:00","org_id":"","org_name":"中国电信股份有限公司福建信息产业分公司","revenue":"9903.89","income":"22008","month":"10","is_channel":"1","detail_report_path":"中国电信股份有限公司福建信息产业分公司/1410.xls","check_status":"1","buzz_type":"全曲","down_num":"22008","demo_num":"589934"},{"user_num":"3796","create_time":"1544663810","status":"1","id":"266","start_time":"2014-11-30 00:00:00","org_id":"","org_name":"中国电信股份有限公司福建信息产业分公司","revenue":"9176.32","income":"20391","month":"11","is_channel":"1","detail_report_path":"中国电信股份有限公司福建信息产业分公司/1411.xls","check_status":"1","buzz_type":"全曲","down_num":"20391","demo_num":"546596"},{"user_num":"4546","create_time":"1544663810","status":"1","id":"267","start_time":"2014-12-31 00:00:00","org_id":"","org_name":"中国电信股份有限公司福建信息产业分公司","revenue":"10936.03","income":"24302","month":"12","is_channel":"1","detail_report_path":"中国电信股份有限公司福建信息产业分公司/1412.xls","check_status":"1","buzz_type":"全曲","down_num":"24302","demo_num":"651415"},{"user_num":"4109","create_time":"1544663810","status":"1","id":"268","start_time":"2015-01-31 00:00:00","org_id":"","org_name":"中国电信股份有限公司福建信息产业分公司","revenue":"9892.71","income":"21983","month":"01","is_channel":"1","detail_report_path":"中国电信股份有限公司福建信息产业分公司/1501.xls","check_status":"1","buzz_type":"全曲","down_num":"21983","demo_num":"589268"},{"user_num":"4746","create_time":"1544663810","status":"1","id":"269","start_time":"2015-02-28 00:00:00","org_id":"","org_name":"中国电信股份有限公司福建信息产业分公司","revenue":"11241.47","income":"24981","month":"02","is_channel":"1","detail_report_path":"中国电信股份有限公司福建信息产业分公司/1502.xls","check_status":"1","buzz_type":"全曲","down_num":"24981","demo_num":"669608"},{"user_num":"4087","create_time":"1544663811","status":"1","id":"270","start_time":"2015-03-31 00:00:00","org_id":"","org_name":"中国电信股份有限公司福建信息产业分公司","revenue":"9936.52","income":"22081","month":"03","is_channel":"1","detail_report_path":"中国电信股份有限公司福建信息产业分公司/1503.xls","check_status":"1","buzz_type":"全曲","down_num":"22081","demo_num":"591878"},{"user_num":"235991","create_time":"1544663812","status":"1","id":"271","start_time":"2012-11-30 00:00:00","org_id":"","org_name":"中国联合网络通信有限公司广东省分公司","revenue":"541062.03","income":"1202360","month":"11","is_channel":"1","detail_report_path":"中国联合网络通信有限公司广东省分公司/1211.xls","check_status":"1","buzz_type":"全曲","down_num":"1202360","demo_num":"32228879"},{"user_num":"317849","create_time":"1544663812","status":"1","id":"272","start_time":"2012-12-31 00:00:00","org_id":"","org_name":"中国联合网络通信有限公司广东省分公司","revenue":"724333.66","income":"1609630","month":"12","is_channel":"1","detail_report_path":"中国联合网络通信有限公司广东省分公司/1212.xls","check_status":"1","buzz_type":"全曲","down_num":"1609630","demo_num":"43145629"},{"user_num":"145356","create_time":"1544663813","status":"1","id":"273","start_time":"2013-01-31 00:00:00","org_id":"","org_name":"中国联合网络通信有限公司广东省分公司","revenue":"337543.63","income":"750096","month":"01","is_channel":"1","detail_report_path":"中国联合网络通信有限公司广东省分公司/1301.xls","check_status":"1","buzz_type":"全曲","down_num":"750096","demo_num":"20106110"},{"user_num":"78929","create_time":"1544663814","status":"1","id":"274","start_time":"2013-02-28 00:00:00","org_id":"","org_name":"中国联合网络通信有限公司广东省分公司","revenue":"181754.26","income":"403898","month":"02","is_channel":"1","detail_report_path":"中国联合网络通信有限公司广东省分公司/1302.xls","check_status":"1","buzz_type":"全曲","down_num":"403898","demo_num":"10826366"},{"user_num":"139124","create_time":"1544663815","status":"1","id":"275","start_time":"2013-03-31 00:00:00","org_id":"","org_name":"中国联合网络通信有限公司广东省分公司","revenue":"322510.87","income":"716690","month":"03","is_channel":"1","detail_report_path":"中国联合网络通信有限公司广东省分公司/1303.xls","check_status":"1","buzz_type":"全曲","down_num":"716690","demo_num":"19210669"},{"user_num":"74930","create_time":"1544663815","status":"1","id":"276","start_time":"2013-04-30 00:00:00","org_id":"","org_name":"中国联合网络通信有限公司广东省分公司","revenue":"173659.7","income":"385910","month":"04","is_channel":"1","detail_report_path":"中国联合网络通信有限公司广东省分公司/1304.xls","check_status":"1","buzz_type":"全曲","down_num":"385910","demo_num":"10344206"},{"user_num":"122720","create_time":"1544663816","status":"1","id":"277","start_time":"2013-05-31 00:00:00","org_id":"","org_name":"中国联合网络通信有限公司广东省分公司","revenue":"285140.55","income":"633645","month":"05","is_channel":"1","detail_report_path":"中国联合网络通信有限公司广东省分公司/1305.xls","check_status":"1","buzz_type":"全曲","down_num":"633645","demo_num":"16984670"},{"user_num":"65967","create_time":"1544663817","status":"1","id":"278","start_time":"2013-06-30 00:00:00","org_id":"","org_name":"中国联合网络通信有限公司广东省分公司","revenue":"153537.22","income":"341193","month":"06","is_channel":"1","detail_report_path":"中国联合网络通信有限公司广东省分公司/1306.xls","check_status":"1","buzz_type":"全曲","down_num":"341193","demo_num":"9145591"},{"user_num":"134180","create_time":"1544663818","status":"1","id":"279","start_time":"2013-07-31 00:00:00","org_id":"","org_name":"中国联合网络通信有限公司广东省分公司","revenue":"311226.49","income":"691614","month":"07","is_channel":"1","detail_report_path":"中国联合网络通信有限公司广东省分公司/1307.xls","check_status":"1","buzz_type":"全曲","down_num":"691614","demo_num":"18538504"},{"user_num":"72263","create_time":"1544663818","status":"1","id":"280","start_time":"2013-08-31 00:00:00","org_id":"","org_name":"中国联合网络通信有限公司广东省分公司","revenue":"167583.5","income":"372407","month":"08","is_channel":"1","detail_report_path":"中国联合网络通信有限公司广东省分公司/1308.xls","check_status":"1","buzz_type":"全曲","down_num":"372407","demo_num":"9982271"},{"user_num":"121926","create_time":"1544663819","status":"1","id":"281","start_time":"2013-09-30 00:00:00","org_id":"","org_name":"中国联合网络通信有限公司广东省分公司","revenue":"283447.32","income":"629882","month":"09","is_channel":"1","detail_report_path":"中国联合网络通信有限公司广东省分公司/1309.xls","check_status":"1","buzz_type":"全曲","down_num":"629882","demo_num":"16883812"},{"user_num":"65525","create_time":"1544663820","status":"1","id":"282","start_time":"2013-10-31 00:00:00","org_id":"","org_name":"中国联合网络通信有限公司广东省分公司","revenue":"152625.48","income":"339167","month":"10","is_channel":"1","detail_report_path":"中国联合网络通信有限公司广东省分公司/1310.xls","check_status":"1","buzz_type":"全曲","down_num":"339167","demo_num":"9091283"},{"user_num":"121040","create_time":"1544663821","status":"1","id":"283","start_time":"2013-11-30 00:00:00","org_id":"","org_name":"中国联合网络通信有限公司广东省分公司","revenue":"281315.1","income":"625144","month":"11","is_channel":"1","detail_report_path":"中国联合网络通信有限公司广东省分公司/1311.xls","check_status":"1","buzz_type":"全曲","down_num":"625144","demo_num":"16756803"},{"user_num":"65157","create_time":"1544663821","status":"1","id":"284","start_time":"2013-12-31 00:00:00","org_id":"","org_name":"中国联合网络通信有限公司广东省分公司","revenue":"151477.35","income":"336616","month":"12","is_channel":"1","detail_report_path":"中国联合网络通信有限公司广东省分公司/1312.xls","check_status":"1","buzz_type":"全曲","down_num":"336616","demo_num":"9022894"},{"user_num":"100382","create_time":"1544663822","status":"1","id":"285","start_time":"2014-01-31 00:00:00","org_id":"","org_name":"中国联合网络通信有限公司广东省分公司","revenue":"232788.57","income":"517307","month":"01","is_channel":"1","detail_report_path":"中国联合网络通信有限公司广东省分公司/1401.xls","check_status":"1","buzz_type":"全曲","down_num":"517307","demo_num":"13866274"},{"user_num":"54129","create_time":"1544663823","status":"1","id":"286","start_time":"2014-02-28 00:00:00","org_id":"","org_name":"中国联合网络通信有限公司广东省分公司","revenue":"125347.69","income":"278550","month":"02","is_channel":"1","detail_report_path":"中国联合网络通信有限公司广东省分公司/1402.xls","check_status":"1","buzz_type":"全曲","down_num":"278550","demo_num":"7466455"},{"user_num":"96137","create_time":"1544663824","status":"1","id":"287","start_time":"2014-03-31 00:00:00","org_id":"","org_name":"中国联合网络通信有限公司广东省分公司","revenue":"223205.23","income":"496011","month":"03","is_channel":"1","detail_report_path":"中国联合网络通信有限公司广东省分公司/1403.xls","check_status":"1","buzz_type":"全曲","down_num":"496011","demo_num":"13295433"},{"user_num":"52153","create_time":"1544663825","status":"1","id":"288","start_time":"2014-04-30 00:00:00","org_id":"","org_name":"中国联合网络通信有限公司广东省分公司","revenue":"120187.43","income":"267083","month":"04","is_channel":"1","detail_report_path":"中国联合网络通信有限公司广东省分公司/1404.xls","check_status":"1","buzz_type":"全曲","down_num":"267083","demo_num":"7159079"},{"user_num":"88585","create_time":"1544663825","status":"1","id":"289","start_time":"2014-05-31 00:00:00","org_id":"","org_name":"中国联合网络通信有限公司广东省分公司","revenue":"203911.03","income":"453135","month":"05","is_channel":"1","detail_report_path":"中国联合网络通信有限公司广东省分公司/1405.xls","check_status":"1","buzz_type":"全曲","down_num":"453135","demo_num":"12146156"},{"user_num":"47369","create_time":"1544663826","status":"1","id":"290","start_time":"2014-06-30 00:00:00","org_id":"","org_name":"中国联合网络通信有限公司广东省分公司","revenue":"109798.25","income":"243996","month":"06","is_channel":"1","detail_report_path":"中国联合网络通信有限公司广东省分公司/1406.xls","check_status":"1","buzz_type":"全曲","down_num":"243996","demo_num":"6540238"},{"user_num":"99662","create_time":"1544663827","status":"1","id":"291","start_time":"2014-07-31 00:00:00","org_id":"","org_name":"中国联合网络通信有限公司广东省分公司","revenue":"231442.22","income":"514316","month":"07","is_channel":"1","detail_report_path":"中国联合网络通信有限公司广东省分公司/1407.xls","check_status":"1","buzz_type":"全曲","down_num":"514316","demo_num":"13786078"},{"user_num":"53819","create_time":"1544663827","status":"1","id":"292","start_time":"2014-08-31 00:00:00","org_id":"","org_name":"中国联合网络通信有限公司广东省分公司","revenue":"124622.73","income":"276939","month":"08","is_channel":"1","detail_report_path":"中国联合网络通信有限公司广东省分公司/1408.xls","check_status":"1","buzz_type":"全曲","down_num":"276939","demo_num":"7423272"},{"user_num":"90033","create_time":"1544663828","status":"1","id":"293","start_time":"2014-09-30 00:00:00","org_id":"","org_name":"中国联合网络通信有限公司广东省分公司","revenue":"209236.93","income":"464970","month":"09","is_channel":"1","detail_report_path":"中国联合网络通信有限公司广东省分公司/1409.xls","check_status":"1","buzz_type":"全曲","down_num":"464970","demo_num":"12463398"},{"user_num":"48709","create_time":"1544663828","status":"1","id":"294","start_time":"2014-10-31 00:00:00","org_id":"","org_name":"中国联合网络通信有限公司广东省分公司","revenue":"112666.04","income":"250368","month":"10","is_channel":"1","detail_report_path":"中国联合网络通信有限公司广东省分公司/1410.xls","check_status":"1","buzz_type":"全曲","down_num":"250368","demo_num":"6711060"},{"user_num":"63543","create_time":"1544663829","status":"1","id":"295","start_time":"2014-11-30 00:00:00","org_id":"","org_name":"中国联合网络通信有限公司广东省分公司","revenue":"147868.35","income":"328596","month":"11","is_channel":"1","detail_report_path":"中国联合网络通信有限公司广东省分公司/1411.xls","check_status":"1","buzz_type":"全曲","down_num":"328596","demo_num":"8807920"},{"user_num":"34028","create_time":"1544663830","status":"1","id":"296","start_time":"2014-12-31 00:00:00","org_id":"","org_name":"中国联合网络通信有限公司广东省分公司","revenue":"79621.42","income":"176936","month":"12","is_channel":"1","detail_report_path":"中国联合网络通信有限公司广东省分公司/1412.xls","check_status":"1","buzz_type":"全曲","down_num":"176936","demo_num":"4742726"},{"user_num":"93228","create_time":"1544663830","status":"1","id":"297","start_time":"2015-01-31 00:00:00","org_id":"","org_name":"中国联合网络通信有限公司广东省分公司","revenue":"215730.98","income":"479402","month":"01","is_channel":"1","detail_report_path":"中国联合网络通信有限公司广东省分公司/1501.xls","check_status":"1","buzz_type":"全曲","down_num":"479402","demo_num":"12850222"},{"user_num":"50091","create_time":"1544663831","status":"1","id":"298","start_time":"2015-02-28 00:00:00","org_id":"","org_name":"中国联合网络通信有限公司广东省分公司","revenue":"116162.83","income":"258139","month":"02","is_channel":"1","detail_report_path":"中国联合网络通信有限公司广东省分公司/1502.xls","check_status":"1","buzz_type":"全曲","down_num":"258139","demo_num":"6919350"},{"user_num":"111167","create_time":"1544663831","status":"1","id":"299","start_time":"2015-03-31 00:00:00","org_id":"","org_name":"中国联合网络通信有限公司广东省分公司","revenue":"256121.49","income":"569158","month":"03","is_channel":"1","detail_report_path":"中国联合网络通信有限公司广东省分公司/1503.xls","check_status":"1","buzz_type":"全曲","down_num":"569158","demo_num":"15256122"},{"user_num":"59335","create_time":"1544663832","status":"1","id":"300","start_time":"2015-04-30 00:00:00","org_id":"","org_name":"中国联合网络通信有限公司广东省分公司","revenue":"137911.57","income":"306470","month":"04","is_channel":"1","detail_report_path":"中国联合网络通信有限公司广东省分公司/1504.xls","check_status":"1","buzz_type":"全曲","down_num":"306470","demo_num":"8214835"},{"user_num":"91224","create_time":"1544663833","status":"1","id":"301","start_time":"2015-05-31 00:00:00","org_id":"","org_name":"中国联合网络通信有限公司广东省分公司","revenue":"210623.71","income":"468052","month":"05","is_channel":"1","detail_report_path":"中国联合网络通信有限公司广东省分公司/1505.xls","check_status":"1","buzz_type":"全曲","down_num":"468052","demo_num":"12546003"},{"user_num":"48793","create_time":"1544663833","status":"1","id":"302","start_time":"2015-06-30 00:00:00","org_id":"","org_name":"中国联合网络通信有限公司广东省分公司","revenue":"113412.77","income":"252028","month":"06","is_channel":"1","detail_report_path":"中国联合网络通信有限公司广东省分公司/1506.xls","check_status":"1","buzz_type":"全曲","down_num":"252028","demo_num":"6755540"},{"user_num":"72375","create_time":"1544663834","status":"1","id":"303","start_time":"2015-07-31 00:00:00","org_id":"","org_name":"中国联合网络通信有限公司广东省分公司","revenue":"168159.7","income":"373688","month":"07","is_channel":"1","detail_report_path":"中国联合网络通信有限公司广东省分公司/1507.xls","check_status":"1","buzz_type":"全曲","down_num":"373688","demo_num":"10016594"},{"user_num":"38765","create_time":"1544663834","status":"1","id":"304","start_time":"2015-08-31 00:00:00","org_id":"","org_name":"中国联合网络通信有限公司广东省分公司","revenue":"90547.53","income":"201216","month":"08","is_channel":"1","detail_report_path":"中国联合网络通信有限公司广东省分公司/1508.xls","check_status":"1","buzz_type":"全曲","down_num":"201216","demo_num":"5393550"},{"user_num":"77861","create_time":"1544663835","status":"1","id":"305","start_time":"2015-09-30 00:00:00","org_id":"","org_name":"中国联合网络通信有限公司广东省分公司","revenue":"180353.72","income":"400786","month":"09","is_channel":"1","detail_report_path":"中国联合网络通信有限公司广东省分公司/1509.xls","check_status":"1","buzz_type":"全曲","down_num":"400786","demo_num":"10742942"},{"user_num":"41596","create_time":"1544663835","status":"1","id":"306","start_time":"2015-10-31 00:00:00","org_id":"","org_name":"中国联合网络通信有限公司广东省分公司","revenue":"97113.54","income":"215807","month":"10","is_channel":"1","detail_report_path":"中国联合网络通信有限公司广东省分公司/1510.xls","check_status":"1","buzz_type":"全曲","down_num":"215807","demo_num":"5784661"},{"user_num":"63949","create_time":"1544663836","status":"1","id":"307","start_time":"2015-11-30 00:00:00","org_id":"","org_name":"中国联合网络通信有限公司广东省分公司","revenue":"148732.74","income":"330517","month":"11","is_channel":"1","detail_report_path":"中国联合网络通信有限公司广东省分公司/1511.xls","check_status":"1","buzz_type":"全曲","down_num":"330517","demo_num":"8859408"},{"user_num":"34093","create_time":"1544663836","status":"1","id":"308","start_time":"2015-12-31 00:00:00","org_id":"","org_name":"中国联合网络通信有限公司广东省分公司","revenue":"80086.86","income":"177970","month":"12","is_channel":"1","detail_report_path":"中国联合网络通信有限公司广东省分公司/1512.xls","check_status":"1","buzz_type":"全曲","down_num":"177970","demo_num":"4770451"},{"user_num":"76283","create_time":"1544663837","status":"1","id":"309","start_time":"2016-01-31 00:00:00","org_id":"","org_name":"中国联合网络通信有限公司广东省分公司","revenue":"176358.73","income":"391908","month":"01","is_channel":"1","detail_report_path":"中国联合网络通信有限公司广东省分公司/1601.xls","check_status":"1","buzz_type":"全曲","down_num":"391908","demo_num":"10504977"},{"user_num":"40861","create_time":"1544663837","status":"1","id":"310","start_time":"2016-02-29 00:00:00","org_id":"","org_name":"中国联合网络通信有限公司广东省分公司","revenue":"94962.39","income":"211027","month":"02","is_channel":"1","detail_report_path":"中国联合网络通信有限公司广东省分公司/1602.xls","check_status":"1","buzz_type":"全曲","down_num":"211027","demo_num":"5656526"},{"user_num":"56102","create_time":"1544663838","status":"1","id":"311","start_time":"2016-03-31 00:00:00","org_id":"","org_name":"中国联合网络通信有限公司广东省分公司","revenue":"129602.49","income":"288005","month":"03","is_channel":"1","detail_report_path":"中国联合网络通信有限公司广东省分公司/1603.xls","check_status":"1","buzz_type":"全曲","down_num":"288005","demo_num":"7719897"},{"user_num":"29763","create_time":"1544663838","status":"1","id":"312","start_time":"2016-04-30 00:00:00","org_id":"","org_name":"中国联合网络通信有限公司广东省分公司","revenue":"69785.96","income":"155079","month":"04","is_channel":"1","detail_report_path":"中国联合网络通信有限公司广东省分公司/1604.xls","check_status":"1","buzz_type":"全曲","down_num":"155079","demo_num":"4156867"},{"user_num":"53768","create_time":"1544663839","status":"1","id":"313","start_time":"2016-05-31 00:00:00","org_id":"","org_name":"中国联合网络通信有限公司广东省分公司","revenue":"124474.5","income":"276610","month":"05","is_channel":"1","detail_report_path":"中国联合网络通信有限公司广东省分公司/1605.xls","check_status":"1","buzz_type":"全曲","down_num":"276610","demo_num":"7414443"},{"user_num":"28847","create_time":"1544663839","status":"1","id":"314","start_time":"2016-06-30 00:00:00","org_id":"","org_name":"中国联合网络通信有限公司广东省分公司","revenue":"67024.74","income":"148943","month":"06","is_channel":"1","detail_report_path":"中国联合网络通信有限公司广东省分公司/1606.xls","check_status":"1","buzz_type":"全曲","down_num":"148943","demo_num":"3992392"},{"user_num":"48503","create_time":"1544663840","status":"1","id":"315","start_time":"2016-07-31 00:00:00","org_id":"","org_name":"中国联合网络通信有限公司广东省分公司","revenue":"112032.26","income":"248960","month":"07","is_channel":"1","detail_report_path":"中国联合网络通信有限公司广东省分公司/1607.xls","check_status":"1","buzz_type":"全曲","down_num":"248960","demo_num":"6673309"},{"user_num":"25992","create_time":"1544663840","status":"1","id":"316","start_time":"2016-08-31 00:00:00","org_id":"","org_name":"中国联合网络通信有限公司广东省分公司","revenue":"60325.06","income":"134055","month":"08","is_channel":"1","detail_report_path":"中国联合网络通信有限公司广东省分公司/1608.xls","check_status":"1","buzz_type":"全曲","down_num":"134055","demo_num":"3593320"},{"user_num":"45470","create_time":"1544663840","status":"1","id":"317","start_time":"2016-09-30 00:00:00","org_id":"","org_name":"中国联合网络通信有限公司广东省分公司","revenue":"105325.71","income":"234057","month":"09","is_channel":"1","detail_report_path":"中国联合网络通信有限公司广东省分公司/1609.xls","check_status":"1","buzz_type":"全曲","down_num":"234057","demo_num":"6273827"},{"user_num":"24493","create_time":"1544663841","status":"1","id":"318","start_time":"2016-10-31 00:00:00","org_id":"","org_name":"中国联合网络通信有限公司广东省分公司","revenue":"56713.85","income":"126030","month":"10","is_channel":"1","detail_report_path":"中国联合网络通信有限公司广东省分公司/1610.xls","check_status":"1","buzz_type":"全曲","down_num":"126030","demo_num":"3378214"},{"user_num":"646","create_time":"1544663841","status":"1","id":"319","start_time":"2016-11-30 00:00:00","org_id":"","org_name":"中国联合网络通信有限公司广东省分公司","revenue":"1497.21","income":"3327","month":"11","is_channel":"1","detail_report_path":"中国联合网络通信有限公司广东省分公司/1611.xls","check_status":"1","buzz_type":"全曲","down_num":"3327","demo_num":"89182"},{"user_num":"255","create_time":"1544663841","status":"1","id":"320","start_time":"2016-12-31 00:00:00","org_id":"","org_name":"中国联合网络通信有限公司广东省分公司","revenue":"806.19","income":"1791","month":"12","is_channel":"1","detail_report_path":"中国联合网络通信有限公司广东省分公司/1612.xls","check_status":"1","buzz_type":"全曲","down_num":"1791","demo_num":"48021"},{"user_num":"36764","create_time":"1544663842","status":"1","id":"321","start_time":"2017-01-31 00:00:00","org_id":"","org_name":"中国联合网络通信有限公司广东省分公司","revenue":"86143.37","income":"191429","month":"01","is_channel":"1","detail_report_path":"中国联合网络通信有限公司广东省分公司/1701.xls","check_status":"1","buzz_type":"全曲","down_num":"191429","demo_num":"5131212"},{"user_num":"19926","create_time":"1544663842","status":"1","id":"322","start_time":"2017-02-28 00:00:00","org_id":"","org_name":"中国联合网络通信有限公司广东省分公司","revenue":"46384.89","income":"103077","month":"02","is_channel":"1","detail_report_path":"中国联合网络通信有限公司广东省分公司/1702.xls","check_status":"1","buzz_type":"全曲","down_num":"103077","demo_num":"2762960"},{"user_num":"36634","create_time":"1544663843","status":"1","id":"323","start_time":"2017-03-31 00:00:00","org_id":"","org_name":"中国联合网络通信有限公司广东省分公司","revenue":"86060.25","income":"191245","month":"03","is_channel":"1","detail_report_path":"中国联合网络通信有限公司广东省分公司/1703.xls","check_status":"1","buzz_type":"全曲","down_num":"191245","demo_num":"5126261"},{"user_num":"19906","create_time":"1544663843","status":"1","id":"324","start_time":"2017-04-30 00:00:00","org_id":"","org_name":"中国联合网络通信有限公司广东省分公司","revenue":"46340.14","income":"102978","month":"04","is_channel":"1","detail_report_path":"中国联合网络通信有限公司广东省分公司/1704.xls","check_status":"1","buzz_type":"全曲","down_num":"102978","demo_num":"2760294"},{"user_num":"33087","create_time":"1544663843","status":"1","id":"325","start_time":"2017-05-31 00:00:00","org_id":"","org_name":"中国联合网络通信有限公司广东省分公司","revenue":"78189.54","income":"173754","month":"05","is_channel":"1","detail_report_path":"中国联合网络通信有限公司广东省分公司/1705.xls","check_status":"1","buzz_type":"全曲","down_num":"173754","demo_num":"4657435"},{"user_num":"17969","create_time":"1544663844","status":"1","id":"326","start_time":"2017-06-30 00:00:00","org_id":"","org_name":"中国联合网络通信有限公司广东省分公司","revenue":"42102.06","income":"93560","month":"06","is_channel":"1","detail_report_path":"中国联合网络通信有限公司广东省分公司/1706.xls","check_status":"1","buzz_type":"全曲","down_num":"93560","demo_num":"2507849"},{"user_num":"30597","create_time":"1544663844","status":"1","id":"327","start_time":"2017-07-31 00:00:00","org_id":"","org_name":"中国联合网络通信有限公司广东省分公司","revenue":"71880.8","income":"159735","month":"07","is_channel":"1","detail_report_path":"中国联合网络通信有限公司广东省分公司/1707.xls","check_status":"1","buzz_type":"全曲","down_num":"159735","demo_num":"4281649"},{"user_num":"16302","create_time":"1544663845","status":"1","id":"328","start_time":"2017-08-31 00:00:00","org_id":"","org_name":"中国联合网络通信有限公司广东省分公司","revenue":"38705.05","income":"86011","month":"08","is_channel":"1","detail_report_path":"中国联合网络通信有限公司广东省分公司/1708.xls","check_status":"1","buzz_type":"全曲","down_num":"86011","demo_num":"2305503"},{"user_num":"29399","create_time":"1544663845","status":"1","id":"329","start_time":"2017-09-30 00:00:00","org_id":"","org_name":"中国联合网络通信有限公司广东省分公司","revenue":"68997.37","income":"153327","month":"09","is_channel":"1","detail_report_path":"中国联合网络通信有限公司广东省分公司/1709.xls","check_status":"1","buzz_type":"全曲","down_num":"153327","demo_num":"4109894"},{"user_num":"15836","create_time":"1544663845","status":"1","id":"330","start_time":"2017-10-31 00:00:00","org_id":"","org_name":"中国联合网络通信有限公司广东省分公司","revenue":"37152.42","income":"82560","month":"10","is_channel":"1","detail_report_path":"中国联合网络通信有限公司广东省分公司/1710.xls","check_status":"1","buzz_type":"全曲","down_num":"82560","demo_num":"2213019"},{"user_num":"39","create_time":"1544663846","status":"1","id":"331","start_time":"2012-09-30 00:00:00","org_id":"","org_name":"中国移动通信集团甘肃有限公司","revenue":"131","income":"291","month":"09","is_channel":"1","detail_report_path":"中国移动通信集团甘肃有限公司/1209.xls","check_status":"1","buzz_type":"全曲","down_num":"291","demo_num":"7803"},{"user_num":"9551","create_time":"1544663846","status":"1","id":"332","start_time":"2012-10-31 00:00:00","org_id":"","org_name":"中国移动通信集团甘肃有限公司","revenue":"22642.73","income":"50317","month":"10","is_channel":"1","detail_report_path":"中国移动通信集团甘肃有限公司/1210.xls","check_status":"1","buzz_type":"全曲","down_num":"50317","demo_num":"1348735"},{"user_num":"21279","create_time":"1544663846","status":"1","id":"333","start_time":"2012-11-30 00:00:00","org_id":"","org_name":"中国移动通信集团甘肃有限公司","revenue":"49648.88","income":"110330","month":"11","is_channel":"1","detail_report_path":"中国移动通信集团甘肃有限公司/1211.xls","check_status":"1","buzz_type":"全曲","down_num":"110330","demo_num":"2957383"},{"user_num":"22971","create_time":"1544663847","status":"1","id":"334","start_time":"2012-12-31 00:00:00","org_id":"","org_name":"中国移动通信集团甘肃有限公司","revenue":"53221.36","income":"118269","month":"12","is_channel":"1","detail_report_path":"中国移动通信集团甘肃有限公司/1212.xls","check_status":"1","buzz_type":"全曲","down_num":"118269","demo_num":"3170181"},{"user_num":"33622","create_time":"1544663847","status":"1","id":"335","start_time":"2013-01-31 00:00:00","org_id":"","org_name":"中国移动通信集团甘肃有限公司","revenue":"78981.76","income":"175515","month":"01","is_channel":"1","detail_report_path":"中国移动通信集团甘肃有限公司/1301.xls","check_status":"1","buzz_type":"全曲","down_num":"175515","demo_num":"4704624"},{"user_num":"38134","create_time":"1544663847","status":"1","id":"336","start_time":"2013-02-28 00:00:00","org_id":"","org_name":"中国移动通信集团甘肃有限公司","revenue":"88700.62","income":"197112","month":"02","is_channel":"1","detail_report_path":"中国移动通信集团甘肃有限公司/1302.xls","check_status":"1","buzz_type":"全曲","down_num":"197112","demo_num":"5283537"},{"user_num":"21482","create_time":"1544663848","status":"1","id":"337","start_time":"2013-03-31 00:00:00","org_id":"","org_name":"中国移动通信集团甘肃有限公司","revenue":"49884.49","income":"110854","month":"03","is_channel":"1","detail_report_path":"中国移动通信集团甘肃有限公司/1303.xls","check_status":"1","buzz_type":"全曲","down_num":"110854","demo_num":"2971417"},{"user_num":"36790","create_time":"1544663848","status":"1","id":"338","start_time":"2013-04-30 00:00:00","org_id":"","org_name":"中国移动通信集团甘肃有限公司","revenue":"85913.78","income":"190919","month":"04","is_channel":"1","detail_report_path":"中国移动通信集团甘肃有限公司/1304.xls","check_status":"1","buzz_type":"全曲","down_num":"190919","demo_num":"5117536"},{"user_num":"3966","create_time":"1544663849","status":"1","id":"339","start_time":"2013-05-31 00:00:00","org_id":"","org_name":"中国移动通信集团甘肃有限公司","revenue":"9476.63","income":"21059","month":"05","is_channel":"1","detail_report_path":"中国移动通信集团甘肃有限公司/1305.xls","check_status":"1","buzz_type":"全曲","down_num":"21059","demo_num":"564484"},{"user_num":"30894","create_time":"1544663849","status":"1","id":"340","start_time":"2013-06-30 00:00:00","org_id":"","org_name":"中国移动通信集团甘肃有限公司","revenue":"72931.18","income":"162069","month":"06","is_channel":"1","detail_report_path":"中国移动通信集团甘肃有限公司/1306.xls","check_status":"1","buzz_type":"全曲","down_num":"162069","demo_num":"4344215"},{"user_num":"23211","create_time":"1544663849","status":"1","id":"341","start_time":"2013-07-31 00:00:00","org_id":"","org_name":"中国移动通信集团甘肃有限公司","revenue":"53929.8","income":"119844","month":"07","is_channel":"1","detail_report_path":"中国移动通信集团甘肃有限公司/1307.xls","check_status":"1","buzz_type":"全曲","down_num":"119844","demo_num":"3212380"},{"user_num":"23009","create_time":"1544663850","status":"1","id":"342","start_time":"2013-08-31 00:00:00","org_id":"","org_name":"中国移动通信集团甘肃有限公司","revenue":"53281.14","income":"118402","month":"08","is_channel":"1","detail_report_path":"中国移动通信集团甘肃有限公司/1308.xls","check_status":"1","buzz_type":"全曲","down_num":"118402","demo_num":"3173742"},{"user_num":"16660","create_time":"1544663850","status":"1","id":"343","start_time":"2013-09-30 00:00:00","org_id":"","org_name":"中国移动通信集团甘肃有限公司","revenue":"39168.53","income":"87041","month":"09","is_channel":"1","detail_report_path":"中国移动通信集团甘肃有限公司/1309.xls","check_status":"1","buzz_type":"全曲","down_num":"87041","demo_num":"2333111"},{"user_num":"31433","create_time":"1544663850","status":"1","id":"344","start_time":"2013-10-31 00:00:00","org_id":"","org_name":"中国移动通信集团甘肃有限公司","revenue":"73725.59","income":"163834","month":"10","is_channel":"1","detail_report_path":"中国移动通信集团甘肃有限公司/1310.xls","check_status":"1","buzz_type":"全曲","down_num":"163834","demo_num":"4391535"},{"user_num":"25199","create_time":"1544663851","status":"1","id":"345","start_time":"2013-11-30 00:00:00","org_id":"","org_name":"中国移动通信集团甘肃有限公司","revenue":"58261.03","income":"129468","month":"11","is_channel":"1","detail_report_path":"中国移动通信集团甘肃有限公司/1311.xls","check_status":"1","buzz_type":"全曲","down_num":"129468","demo_num":"3470374"},{"user_num":"26621","create_time":"1544663851","status":"1","id":"346","start_time":"2013-12-31 00:00:00","org_id":"","org_name":"中国移动通信集团甘肃有限公司","revenue":"61447.52","income":"136550","month":"12","is_channel":"1","detail_report_path":"中国移动通信集团甘肃有限公司/1312.xls","check_status":"1","buzz_type":"全曲","down_num":"136550","demo_num":"3660180"},{"user_num":"27855","create_time":"1544663852","status":"1","id":"347","start_time":"2014-01-31 00:00:00","org_id":"","org_name":"中国移动通信集团甘肃有限公司","revenue":"64620.42","income":"143600","month":"01","is_channel":"1","detail_report_path":"中国移动通信集团甘肃有限公司/1401.xls","check_status":"1","buzz_type":"全曲","down_num":"143600","demo_num":"3849177"},{"user_num":"26399","create_time":"1544663852","status":"1","id":"348","start_time":"2014-02-28 00:00:00","org_id":"","org_name":"中国移动通信集团甘肃有限公司","revenue":"60971.98","income":"135493","month":"02","is_channel":"1","detail_report_path":"中国移动通信集团甘肃有限公司/1402.xls","check_status":"1","buzz_type":"全曲","down_num":"135493","demo_num":"3631854"},{"user_num":"656","create_time":"1544663852","status":"1","id":"349","start_time":"2014-03-31 00:00:00","org_id":"","org_name":"中国移动通信集团甘肃有限公司","revenue":"1596.81","income":"3548","month":"03","is_channel":"1","detail_report_path":"中国移动通信集团甘肃有限公司/1403.xls","check_status":"1","buzz_type":"全曲","down_num":"3548","demo_num":"95115"},{"user_num":"5385","create_time":"1544663853","status":"1","id":"350","start_time":"2014-04-30 00:00:00","org_id":"","org_name":"中国移动通信集团甘肃有限公司","revenue":"12898.96","income":"28664","month":"04","is_channel":"1","detail_report_path":"中国移动通信集团甘肃有限公司/1404.xls","check_status":"1","buzz_type":"全曲","down_num":"28664","demo_num":"768338"},{"user_num":"17991","create_time":"1544663853","status":"1","id":"351","start_time":"2014-05-31 00:00:00","org_id":"","org_name":"中国移动通信集团甘肃有限公司","revenue":"42197.18","income":"93771","month":"05","is_channel":"1","detail_report_path":"中国移动通信集团甘肃有限公司/1405.xls","check_status":"1","buzz_type":"全曲","down_num":"93771","demo_num":"2513515"},{"user_num":"20367","create_time":"1544663853","status":"1","id":"352","start_time":"2014-06-30 00:00:00","org_id":"","org_name":"中国移动通信集团甘肃有限公司","revenue":"47487.12","income":"105526","month":"06","is_channel":"1","detail_report_path":"中国移动通信集团甘肃有限公司/1406.xls","check_status":"1","buzz_type":"全曲","down_num":"105526","demo_num":"2828615"},{"user_num":"27647","create_time":"1544663854","status":"1","id":"353","start_time":"2014-07-31 00:00:00","org_id":"","org_name":"中国移动通信集团甘肃有限公司","revenue":"63601.51","income":"141336","month":"07","is_channel":"1","detail_report_path":"中国移动通信集团甘肃有限公司/1407.xls","check_status":"1","buzz_type":"全曲","down_num":"141336","demo_num":"3788485"},{"user_num":"32228","create_time":"1544663854","status":"1","id":"354","start_time":"2014-08-31 00:00:00","org_id":"","org_name":"中国移动通信集团甘肃有限公司","revenue":"75731.15","income":"168291","month":"08","is_channel":"1","detail_report_path":"中国移动通信集团甘肃有限公司/1408.xls","check_status":"1","buzz_type":"全曲","down_num":"168291","demo_num":"4510998"},{"user_num":"24801","create_time":"1544663855","status":"1","id":"355","start_time":"2014-09-30 00:00:00","org_id":"","org_name":"中国移动通信集团甘肃有限公司","revenue":"57447.57","income":"127661","month":"09","is_channel":"1","detail_report_path":"中国移动通信集团甘肃有限公司/1409.xls","check_status":"1","buzz_type":"全曲","down_num":"127661","demo_num":"3421919"},{"user_num":"29942","create_time":"1544663855","status":"1","id":"356","start_time":"2014-10-31 00:00:00","org_id":"","org_name":"中国移动通信集团甘肃有限公司","revenue":"69520.73","income":"154490","month":"10","is_channel":"1","detail_report_path":"中国移动通信集团甘肃有限公司/1410.xls","check_status":"1","buzz_type":"全曲","down_num":"154490","demo_num":"4141069"},{"user_num":"33291","create_time":"1544663855","status":"1","id":"357","start_time":"2014-11-30 00:00:00","org_id":"","org_name":"中国移动通信集团甘肃有限公司","revenue":"78643.02","income":"174762","month":"11","is_channel":"1","detail_report_path":"中国移动通信集团甘肃有限公司/1411.xls","check_status":"1","buzz_type":"全曲","down_num":"174762","demo_num":"4684446"},{"user_num":"29308","create_time":"1544663856","status":"1","id":"358","start_time":"2014-12-31 00:00:00","org_id":"","org_name":"中国移动通信集团甘肃有限公司","revenue":"67697.93","income":"150439","month":"12","is_channel":"1","detail_report_path":"中国移动通信集团甘肃有限公司/1412.xls","check_status":"1","buzz_type":"全曲","down_num":"150439","demo_num":"4032492"},{"user_num":"36706","create_time":"1544663856","status":"1","id":"359","start_time":"2015-01-31 00:00:00","org_id":"","org_name":"中国移动通信集团甘肃有限公司","revenue":"85952.62","income":"191005","month":"01","is_channel":"1","detail_report_path":"中国移动通信集团甘肃有限公司/1501.xls","check_status":"1","buzz_type":"全曲","down_num":"191005","demo_num":"5119850"},{"user_num":"32193","create_time":"1544663857","status":"1","id":"360","start_time":"2015-02-28 00:00:00","org_id":"","org_name":"中国移动通信集团甘肃有限公司","revenue":"75106.14","income":"166902","month":"02","is_channel":"1","detail_report_path":"中国移动通信集团甘肃有限公司/1502.xls","check_status":"1","buzz_type":"全曲","down_num":"166902","demo_num":"4473769"},{"user_num":"26047","create_time":"1544663857","status":"1","id":"361","start_time":"2015-03-31 00:00:00","org_id":"","org_name":"中国移动通信集团甘肃有限公司","revenue":"60013.88","income":"133364","month":"03","is_channel":"1","detail_report_path":"中国移动通信集团甘肃有限公司/1503.xls","check_status":"1","buzz_type":"全曲","down_num":"133364","demo_num":"3574784"},{"user_num":"27963","create_time":"1544663857","status":"1","id":"362","start_time":"2015-04-30 00:00:00","org_id":"","org_name":"中国移动通信集团甘肃有限公司","revenue":"64489.59","income":"143310","month":"04","is_channel":"1","detail_report_path":"中国移动通信集团甘肃有限公司/1504.xls","check_status":"1","buzz_type":"全曲","down_num":"143310","demo_num":"3841384"},{"user_num":"21479","create_time":"1544663858","status":"1","id":"363","start_time":"2015-05-31 00:00:00","org_id":"","org_name":"中国移动通信集团甘肃有限公司","revenue":"49820.67","income":"110712","month":"05","is_channel":"1","detail_report_path":"中国移动通信集团甘肃有限公司/1505.xls","check_status":"1","buzz_type":"全曲","down_num":"110712","demo_num":"2967616"},{"user_num":"19551","create_time":"1544663858","status":"1","id":"364","start_time":"2015-06-30 00:00:00","org_id":"","org_name":"中国移动通信集团甘肃有限公司","revenue":"46086.89","income":"102415","month":"06","is_channel":"1","detail_report_path":"中国移动通信集团甘肃有限公司/1506.xls","check_status":"1","buzz_type":"全曲","down_num":"102415","demo_num":"2745209"},{"user_num":"12699","create_time":"1544663859","status":"1","id":"365","start_time":"2015-07-31 00:00:00","org_id":"","org_name":"中国移动通信集团甘肃有限公司","revenue":"30313.16","income":"67362","month":"07","is_channel":"1","detail_report_path":"中国移动通信集团甘肃有限公司/1507.xls","check_status":"1","buzz_type":"全曲","down_num":"67362","demo_num":"1805632"},{"user_num":"11750","create_time":"1544663859","status":"1","id":"366","start_time":"2015-08-31 00:00:00","org_id":"","org_name":"中国移动通信集团甘肃有限公司","revenue":"27662.15","income":"61471","month":"08","is_channel":"1","detail_report_path":"中国移动通信集团甘肃有限公司/1508.xls","check_status":"1","buzz_type":"全曲","down_num":"61471","demo_num":"1647722"},{"user_num":"7366","create_time":"1544663859","status":"1","id":"367","start_time":"2015-09-30 00:00:00","org_id":"","org_name":"中国移动通信集团甘肃有限公司","revenue":"17624.41","income":"39165","month":"09","is_channel":"1","detail_report_path":"中国移动通信集团甘肃有限公司/1509.xls","check_status":"1","buzz_type":"全曲","down_num":"39165","demo_num":"1049814"},{"user_num":"9957","create_time":"1544663859","status":"1","id":"368","start_time":"2015-10-31 00:00:00","org_id":"","org_name":"中国移动通信集团甘肃有限公司","revenue":"23495.25","income":"52211","month":"10","is_channel":"1","detail_report_path":"中国移动通信集团甘肃有限公司/1510.xls","check_status":"1","buzz_type":"全曲","down_num":"52211","demo_num":"1399517"},{"user_num":"36150","create_time":"1544663860","status":"1","id":"369","start_time":"2015-11-30 00:00:00","org_id":"","org_name":"中国移动通信集团甘肃有限公司","revenue":"84812.35","income":"188471","month":"11","is_channel":"1","detail_report_path":"中国移动通信集团甘肃有限公司/1511.xls","check_status":"1","buzz_type":"全曲","down_num":"188471","demo_num":"5051929"},{"user_num":"66756","create_time":"1544663860","status":"1","id":"370","start_time":"2015-12-31 00:00:00","org_id":"","org_name":"中国移动通信集团甘肃有限公司","revenue":"155015.2","income":"344478","month":"12","is_channel":"1","detail_report_path":"中国移动通信集团甘肃有限公司/1512.xls","check_status":"1","buzz_type":"全曲","down_num":"344478","demo_num":"9233629"},{"user_num":"43639","create_time":"1544663861","status":"1","id":"371","start_time":"2016-01-31 00:00:00","org_id":"","org_name":"中国移动通信集团甘肃有限公司","revenue":"101059.13","income":"224575","month":"01","is_channel":"1","detail_report_path":"中国移动通信集团甘肃有限公司/1601.xls","check_status":"1","buzz_type":"全曲","down_num":"224575","demo_num":"6019684"},{"user_num":"36152","create_time":"1544663861","status":"1","id":"372","start_time":"2016-02-29 00:00:00","org_id":"","org_name":"中国移动通信集团甘肃有限公司","revenue":"84610.97","income":"188024","month":"02","is_channel":"1","detail_report_path":"中国移动通信集团甘肃有限公司/1602.xls","check_status":"1","buzz_type":"全曲","down_num":"188024","demo_num":"5039933"},{"user_num":"22253","create_time":"1544663862","status":"1","id":"373","start_time":"2016-03-31 00:00:00","org_id":"","org_name":"中国移动通信集团甘肃有限公司","revenue":"51737.78","income":"114972","month":"03","is_channel":"1","detail_report_path":"中国移动通信集团甘肃有限公司/1603.xls","check_status":"1","buzz_type":"全曲","down_num":"114972","demo_num":"3081810"},{"user_num":"45875","create_time":"1544663862","status":"1","id":"374","start_time":"2016-04-30 00:00:00","org_id":"","org_name":"中国移动通信集团甘肃有限公司","revenue":"106065.99","income":"235702","month":"04","is_channel":"1","detail_report_path":"中国移动通信集团甘肃有限公司/1604.xls","check_status":"1","buzz_type":"全曲","down_num":"235702","demo_num":"6317922"},{"user_num":"31076","create_time":"1544663863","status":"1","id":"375","start_time":"2016-05-31 00:00:00","org_id":"","org_name":"中国移动通信集团甘肃有限公司","revenue":"72949.97","income":"162111","month":"05","is_channel":"1","detail_report_path":"中国移动通信集团甘肃有限公司/1605.xls","check_status":"1","buzz_type":"全曲","down_num":"162111","demo_num":"4345335"},{"user_num":"34713","create_time":"1544663863","status":"1","id":"376","start_time":"2016-06-30 00:00:00","org_id":"","org_name":"中国移动通信集团甘肃有限公司","revenue":"81277.57","income":"180616","month":"06","is_channel":"1","detail_report_path":"中国移动通信集团甘肃有限公司/1606.xls","check_status":"1","buzz_type":"全曲","down_num":"180616","demo_num":"4841376"},{"user_num":"34316","create_time":"1544663864","status":"1","id":"377","start_time":"2016-07-31 00:00:00","org_id":"","org_name":"中国移动通信集团甘肃有限公司","revenue":"80491.53","income":"178870","month":"07","is_channel":"1","detail_report_path":"中国移动通信集团甘肃有限公司/1607.xls","check_status":"1","buzz_type":"全曲","down_num":"178870","demo_num":"4794555"},{"user_num":"340764","create_time":"1544663865","status":"1","id":"378","start_time":"2012-11-30 00:00:00","org_id":"","org_name":"中国移动通信集团广东有限公司","revenue":"777201.25","income":"1727113","month":"11","is_channel":"1","detail_report_path":"中国移动通信集团广东有限公司/1211.xls","check_status":"1","buzz_type":"全曲","down_num":"1727113","demo_num":"46294738"},{"user_num":"366111","create_time":"1544663865","status":"1","id":"379","start_time":"2012-12-31 00:00:00","org_id":"","org_name":"中国移动通信集团广东有限公司","revenue":"830589.92","income":"1845755","month":"12","is_channel":"1","detail_report_path":"中国移动通信集团广东有限公司/1212.xls","check_status":"1","buzz_type":"全曲","down_num":"1845755","demo_num":"49474885"},{"user_num":"316822","create_time":"1544663866","status":"1","id":"380","start_time":"2013-01-31 00:00:00","org_id":"","org_name":"中国移动通信集团广东有限公司","revenue":"721944.52","income":"1604321","month":"01","is_channel":"1","detail_report_path":"中国移动通信集团广东有限公司/1301.xls","check_status":"1","buzz_type":"全曲","down_num":"1604321","demo_num":"43003318"},{"user_num":"174770","create_time":"1544663867","status":"1","id":"381","start_time":"2013-02-28 00:00:00","org_id":"","org_name":"中国移动通信集团广东有限公司","revenue":"402471.26","income":"894380","month":"02","is_channel":"1","detail_report_path":"中国移动通信集团广东有限公司/1302.xls","check_status":"1","buzz_type":"全曲","down_num":"894380","demo_num":"23973586"},{"user_num":"93723","create_time":"1544663868","status":"1","id":"382","start_time":"2013-03-31 00:00:00","org_id":"","org_name":"中国移动通信集团广东有限公司","revenue":"216715.29","income":"481589","month":"03","is_channel":"1","detail_report_path":"中国移动通信集团广东有限公司/1303.xls","check_status":"1","buzz_type":"全曲","down_num":"481589","demo_num":"12908854"},{"user_num":"125664","create_time":"1544663869","status":"1","id":"383","start_time":"2013-04-30 00:00:00","org_id":"","org_name":"中国移动通信集团广东有限公司","revenue":"291902.7","income":"648672","month":"04","is_channel":"1","detail_report_path":"中国移动通信集团广东有限公司/1304.xls","check_status":"1","buzz_type":"全曲","down_num":"648672","demo_num":"17387464"},{"user_num":"67552","create_time":"1544663869","status":"1","id":"384","start_time":"2013-05-31 00:00:00","org_id":"","org_name":"中国移动通信集团广东有限公司","revenue":"157178.38","income":"349285","month":"05","is_channel":"1","detail_report_path":"中国移动通信集团广东有限公司/1305.xls","check_status":"1","buzz_type":"全曲","down_num":"349285","demo_num":"9362480"},{"user_num":"112446","create_time":"1544663870","status":"1","id":"385","start_time":"2013-06-30 00:00:00","org_id":"","org_name":"中国移动通信集团广东有限公司","revenue":"258181.24","income":"573736","month":"06","is_channel":"1","detail_report_path":"中国移动通信集团广东有限公司/1306.xls","check_status":"1","buzz_type":"全曲","down_num":"573736","demo_num":"15378813"},{"user_num":"59794","create_time":"1544663871","status":"1","id":"386","start_time":"2013-07-31 00:00:00","org_id":"","org_name":"中国移动通信集团广东有限公司","revenue":"139020.66","income":"308934","month":"07","is_channel":"1","detail_report_path":"中国移动通信集团广东有限公司/1307.xls","check_status":"1","buzz_type":"全曲","down_num":"308934","demo_num":"8280899"},{"user_num":"35491","create_time":"1544663871","status":"1","id":"387","start_time":"2013-08-31 00:00:00","org_id":"","org_name":"中国移动通信集团广东有限公司","revenue":"83216.14","income":"184924","month":"08","is_channel":"1","detail_report_path":"中国移动通信集团广东有限公司/1308.xls","check_status":"1","buzz_type":"全曲","down_num":"184924","demo_num":"4956849"},{"user_num":"19075","create_time":"1544663872","status":"1","id":"388","start_time":"2013-09-30 00:00:00","org_id":"","org_name":"中国移动通信集团广东有限公司","revenue":"44808.69","income":"99574","month":"09","is_channel":"1","detail_report_path":"中国移动通信集团广东有限公司/1309.xls","check_status":"1","buzz_type":"全曲","down_num":"99574","demo_num":"2669072"},{"user_num":"94660","create_time":"1544663872","status":"1","id":"389","start_time":"2013-10-31 00:00:00","org_id":"","org_name":"中国移动通信集团广东有限公司","revenue":"219127.86","income":"486950","month":"10","is_channel":"1","detail_report_path":"中国移动通信集团广东有限公司/1310.xls","check_status":"1","buzz_type":"全曲","down_num":"486950","demo_num":"13052561"},{"user_num":"51270","create_time":"1544663873","status":"1","id":"390","start_time":"2013-11-30 00:00:00","org_id":"","org_name":"中国移动通信集团广东有限公司","revenue":"117991.93","income":"262204","month":"11","is_channel":"1","detail_report_path":"中国移动通信集团广东有限公司/1311.xls","check_status":"1","buzz_type":"全曲","down_num":"262204","demo_num":"7028302"},{"user_num":"128255","create_time":"1544663874","status":"1","id":"391","start_time":"2013-12-31 00:00:00","org_id":"","org_name":"中国移动通信集团广东有限公司","revenue":"298520.02","income":"663377","month":"12","is_channel":"1","detail_report_path":"中国移动通信集团广东有限公司/1312.xls","check_status":"1","buzz_type":"全曲","down_num":"663377","demo_num":"17781631"},{"user_num":"69144","create_time":"1544663874","status":"1","id":"392","start_time":"2014-01-31 00:00:00","org_id":"","org_name":"中国移动通信集团广东有限公司","revenue":"160741.56","income":"357203","month":"01","is_channel":"1","detail_report_path":"中国移动通信集团广东有限公司/1401.xls","check_status":"1","buzz_type":"全曲","down_num":"357203","demo_num":"9574725"},{"user_num":"118312","create_time":"1544663875","status":"1","id":"393","start_time":"2014-02-28 00:00:00","org_id":"","org_name":"中国移动通信集团广东有限公司","revenue":"274378.32","income":"609729","month":"02","is_channel":"1","detail_report_path":"中国移动通信集团广东有限公司/1402.xls","check_status":"1","buzz_type":"全曲","down_num":"609729","demo_num":"16343608"},{"user_num":"63327","create_time":"1544663876","status":"1","id":"394","start_time":"2014-03-31 00:00:00","org_id":"","org_name":"中国移动通信集团广东有限公司","revenue":"147742.17","income":"328315","month":"03","is_channel":"1","detail_report_path":"中国移动通信集团广东有限公司/1403.xls","check_status":"1","buzz_type":"全曲","down_num":"328315","demo_num":"8800404"},{"user_num":"128393","create_time":"1544663876","status":"1","id":"395","start_time":"2014-04-30 00:00:00","org_id":"","org_name":"中国移动通信集团广东有限公司","revenue":"299036.94","income":"664526","month":"04","is_channel":"1","detail_report_path":"中国移动通信集团广东有限公司/1404.xls","check_status":"1","buzz_type":"全曲","down_num":"664526","demo_num":"17812422"},{"user_num":"69685","create_time":"1544663877","status":"1","id":"396","start_time":"2014-05-31 00:00:00","org_id":"","org_name":"中国移动通信集团广东有限公司","revenue":"161019.9","income":"357821","month":"05","is_channel":"1","detail_report_path":"中国移动通信集团广东有限公司/1405.xls","check_status":"1","buzz_type":"全曲","down_num":"357821","demo_num":"9591304"},{"user_num":"79867","create_time":"1544663878","status":"1","id":"397","start_time":"2014-06-30 00:00:00","org_id":"","org_name":"中国移动通信集团广东有限公司","revenue":"183941.92","income":"408759","month":"06","is_channel":"1","detail_report_path":"中国移动通信集团广东有限公司/1406.xls","check_status":"1","buzz_type":"全曲","down_num":"408759","demo_num":"10956677"},{"user_num":"42602","create_time":"1544663878","status":"1","id":"398","start_time":"2014-07-31 00:00:00","org_id":"","org_name":"中国移动通信集团广东有限公司","revenue":"99045.65","income":"220101","month":"07","is_channel":"1","detail_report_path":"中国移动通信集团广东有限公司/1407.xls","check_status":"1","buzz_type":"全曲","down_num":"220101","demo_num":"5899749"},{"user_num":"73892","create_time":"1544663879","status":"1","id":"399","start_time":"2014-08-31 00:00:00","org_id":"","org_name":"中国移动通信集团广东有限公司","revenue":"171720.64","income":"381601","month":"08","is_channel":"1","detail_report_path":"中国移动通信集团广东有限公司/1408.xls","check_status":"1","buzz_type":"全曲","down_num":"381601","demo_num":"10228705"},{"user_num":"39796","create_time":"1544663879","status":"1","id":"400","start_time":"2014-09-30 00:00:00","org_id":"","org_name":"中国移动通信集团广东有限公司","revenue":"92464.97","income":"205477","month":"09","is_channel":"1","detail_report_path":"中国移动通信集团广东有限公司/1409.xls","check_status":"1","buzz_type":"全曲","down_num":"205477","demo_num":"5507764"},{"user_num":"68570","create_time":"1544663880","status":"1","id":"401","start_time":"2014-10-31 00:00:00","org_id":"","org_name":"中国移动通信集团广东有限公司","revenue":"159198.45","income":"353774","month":"10","is_channel":"1","detail_report_path":"中国移动通信集团广东有限公司/1410.xls","check_status":"1","buzz_type":"全曲","down_num":"353774","demo_num":"9482808"},{"user_num":"36611","create_time":"1544663880","status":"1","id":"402","start_time":"2014-11-30 00:00:00","org_id":"","org_name":"中国移动通信集团广东有限公司","revenue":"85722.25","income":"190493","month":"11","is_channel":"1","detail_report_path":"中国移动通信集团广东有限公司/1411.xls","check_status":"1","buzz_type":"全曲","down_num":"190493","demo_num":"5106127"},{"user_num":"1079","create_time":"1544663881","status":"1","id":"403","start_time":"2012-09-30 00:00:00","org_id":"","org_name":"中国移动通信集团海南有限公司","revenue":"2558.52","income":"5685","month":"09","is_channel":"1","detail_report_path":"中国移动通信集团海南有限公司/1209.xls","check_status":"1","buzz_type":"全曲","down_num":"5685","demo_num":"152400"},{"user_num":"1024","create_time":"1544663881","status":"1","id":"404","start_time":"2012-10-31 00:00:00","org_id":"","org_name":"中国移动通信集团海南有限公司","revenue":"2469.62","income":"5488","month":"10","is_channel":"1","detail_report_path":"中国移动通信集团海南有限公司/1210.xls","check_status":"1","buzz_type":"全曲","down_num":"5488","demo_num":"147105"},{"user_num":"967","create_time":"1544663881","status":"1","id":"405","start_time":"2012-11-30 00:00:00","org_id":"","org_name":"中国移动通信集团海南有限公司","revenue":"2354.61","income":"5232","month":"11","is_channel":"1","detail_report_path":"中国移动通信集团海南有限公司/1211.xls","check_status":"1","buzz_type":"全曲","down_num":"5232","demo_num":"140254"},{"user_num":"945","create_time":"1544663881","status":"1","id":"406","start_time":"2012-12-31 00:00:00","org_id":"","org_name":"中国移动通信集团海南有限公司","revenue":"2217.59","income":"4927","month":"12","is_channel":"1","detail_report_path":"中国移动通信集团海南有限公司/1212.xls","check_status":"1","buzz_type":"全曲","down_num":"4927","demo_num":"132092"},{"user_num":"905","create_time":"1544663881","status":"1","id":"407","start_time":"2013-01-31 00:00:00","org_id":"","org_name":"中国移动通信集团海南有限公司","revenue":"2116.45","income":"4703","month":"01","is_channel":"1","detail_report_path":"中国移动通信集团海南有限公司/1301.xls","check_status":"1","buzz_type":"全曲","down_num":"4703","demo_num":"126068"},{"user_num":"1718","create_time":"1544663882","status":"1","id":"408","start_time":"2013-02-28 00:00:00","org_id":"","org_name":"中国移动通信集团海南有限公司","revenue":"4090.8","income":"9090","month":"02","is_channel":"1","detail_report_path":"中国移动通信集团海南有限公司/1302.xls","check_status":"1","buzz_type":"全曲","down_num":"9090","demo_num":"243672"},{"user_num":"880","create_time":"1544663882","status":"1","id":"409","start_time":"2013-03-31 00:00:00","org_id":"","org_name":"中国移动通信集团海南有限公司","revenue":"2087.15","income":"4638","month":"03","is_channel":"1","detail_report_path":"中国移动通信集团海南有限公司/1303.xls","check_status":"1","buzz_type":"全曲","down_num":"4638","demo_num":"124323"},{"user_num":"858","create_time":"1544663882","status":"1","id":"410","start_time":"2013-04-30 00:00:00","org_id":"","org_name":"中国移动通信集团海南有限公司","revenue":"2023.62","income":"4496","month":"04","is_channel":"1","detail_report_path":"中国移动通信集团海南有限公司/1304.xls","check_status":"1","buzz_type":"全曲","down_num":"4496","demo_num":"120538"},{"user_num":"858","create_time":"1544663882","status":"1","id":"411","start_time":"2013-05-31 00:00:00","org_id":"","org_name":"中国移动通信集团海南有限公司","revenue":"2090.94","income":"4646","month":"05","is_channel":"1","detail_report_path":"中国移动通信集团海南有限公司/1305.xls","check_status":"1","buzz_type":"全曲","down_num":"4646","demo_num":"124548"},{"user_num":"834","create_time":"1544663882","status":"1","id":"412","start_time":"2013-06-30 00:00:00","org_id":"","org_name":"中国移动通信集团海南有限公司","revenue":"1990.16","income":"4422","month":"06","is_channel":"1","detail_report_path":"中国移动通信集团海南有限公司/1306.xls","check_status":"1","buzz_type":"全曲","down_num":"4422","demo_num":"118545"},{"user_num":"792","create_time":"1544663883","status":"1","id":"413","start_time":"2013-07-31 00:00:00","org_id":"","org_name":"中国移动通信集团海南有限公司","revenue":"1872.88","income":"4161","month":"07","is_channel":"1","detail_report_path":"中国移动通信集团海南有限公司/1307.xls","check_status":"1","buzz_type":"全曲","down_num":"4161","demo_num":"111559"},{"user_num":"34444","create_time":"1544663883","status":"1","id":"414","start_time":"2013-08-31 00:00:00","org_id":"","org_name":"中国移动通信集团海南有限公司","revenue":"80969.87","income":"179933","month":"08","is_channel":"1","detail_report_path":"中国移动通信集团海南有限公司/1308.xls","check_status":"1","buzz_type":"全曲","down_num":"179933","demo_num":"4823048"},{"user_num":"722","create_time":"1544663883","status":"1","id":"415","start_time":"2013-09-30 00:00:00","org_id":"","org_name":"中国移动通信集团海南有限公司","revenue":"1766.12","income":"3924","month":"09","is_channel":"1","detail_report_path":"中国移动通信集团海南有限公司/1309.xls","check_status":"1","buzz_type":"全曲","down_num":"3924","demo_num":"105200"},{"user_num":"27541","create_time":"1544663884","status":"1","id":"416","start_time":"2013-10-31 00:00:00","org_id":"","org_name":"中国移动通信集团海南有限公司","revenue":"63639.09","income":"141420","month":"10","is_channel":"1","detail_report_path":"中国移动通信集团海南有限公司/1310.xls","check_status":"1","buzz_type":"全曲","down_num":"141420","demo_num":"3790723"},{"user_num":"23972","create_time":"1544663884","status":"1","id":"417","start_time":"2013-11-30 00:00:00","org_id":"","org_name":"中国移动通信集团海南有限公司","revenue":"55391.55","income":"123092","month":"11","is_channel":"1","detail_report_path":"中国移动通信集团海南有限公司/1311.xls","check_status":"1","buzz_type":"全曲","down_num":"123092","demo_num":"3299450"},{"user_num":"31459","create_time":"1544663885","status":"1","id":"418","start_time":"2013-12-31 00:00:00","org_id":"","org_name":"中国移动通信集团海南有限公司","revenue":"73725.6","income":"163834","month":"12","is_channel":"1","detail_report_path":"中国移动通信集团海南有限公司/1312.xls","check_status":"1","buzz_type":"全曲","down_num":"163834","demo_num":"4391536"},{"user_num":"51908","create_time":"1544663885","status":"1","id":"419","start_time":"2014-01-31 00:00:00","org_id":"","org_name":"中国移动通信集团海南有限公司","revenue":"120118.05","income":"266929","month":"01","is_channel":"1","detail_report_path":"中国移动通信集团海南有限公司/1401.xls","check_status":"1","buzz_type":"全曲","down_num":"266929","demo_num":"7154946"},{"user_num":"54819","create_time":"1544663886","status":"1","id":"420","start_time":"2014-02-28 00:00:00","org_id":"","org_name":"中国移动通信集团海南有限公司","revenue":"126557","income":"281237","month":"02","is_channel":"1","detail_report_path":"中国移动通信集团海南有限公司/1402.xls","check_status":"1","buzz_type":"全曲","down_num":"281237","demo_num":"7538489"},{"user_num":"31360","create_time":"1544663886","status":"1","id":"421","start_time":"2014-03-31 00:00:00","org_id":"","org_name":"中国移动通信集团海南有限公司","revenue":"74055.85","income":"164568","month":"03","is_channel":"1","detail_report_path":"中国移动通信集团海南有限公司/1403.xls","check_status":"1","buzz_type":"全曲","down_num":"164568","demo_num":"4411207"},{"user_num":"23887","create_time":"1544663886","status":"1","id":"422","start_time":"2014-04-30 00:00:00","org_id":"","org_name":"中国移动通信集团海南有限公司","revenue":"55024.95","income":"122277","month":"04","is_channel":"1","detail_report_path":"中国移动通信集团海南有限公司/1404.xls","check_status":"1","buzz_type":"全曲","down_num":"122277","demo_num":"3277613"},{"user_num":"24455","create_time":"1544663887","status":"1","id":"423","start_time":"2014-05-31 00:00:00","org_id":"","org_name":"中国移动通信集团海南有限公司","revenue":"56983.2","income":"126629","month":"05","is_channel":"1","detail_report_path":"中国移动通信集团海南有限公司/1405.xls","check_status":"1","buzz_type":"全曲","down_num":"126629","demo_num":"3394259"},{"user_num":"15749","create_time":"1544663887","status":"1","id":"424","start_time":"2014-06-30 00:00:00","org_id":"","org_name":"中国移动通信集团海南有限公司","revenue":"37104.42","income":"82454","month":"06","is_channel":"1","detail_report_path":"中国移动通信集团海南有限公司/1406.xls","check_status":"1","buzz_type":"全曲","down_num":"82454","demo_num":"2210160"},{"user_num":"7873","create_time":"1544663887","status":"1","id":"425","start_time":"2014-07-31 00:00:00","org_id":"","org_name":"中国移动通信集团海南有限公司","revenue":"18827.54","income":"41838","month":"07","is_channel":"1","detail_report_path":"中国移动通信集团海南有限公司/1407.xls","check_status":"1","buzz_type":"全曲","down_num":"41838","demo_num":"1121480"},{"user_num":"3197","create_time":"1544663888","status":"1","id":"426","start_time":"2014-08-31 00:00:00","org_id":"","org_name":"中国移动通信集团海南有限公司","revenue":"7743.17","income":"17207","month":"08","is_channel":"1","detail_report_path":"中国移动通信集团海南有限公司/1408.xls","check_status":"1","buzz_type":"全曲","down_num":"17207","demo_num":"461229"},{"user_num":"5054","create_time":"1544663888","status":"1","id":"427","start_time":"2014-09-30 00:00:00","org_id":"","org_name":"中国移动通信集团海南有限公司","revenue":"12046.23","income":"26769","month":"09","is_channel":"1","detail_report_path":"中国移动通信集团海南有限公司/1409.xls","check_status":"1","buzz_type":"全曲","down_num":"26769","demo_num":"717545"},{"user_num":"7782","create_time":"1544663888","status":"1","id":"428","start_time":"2014-10-31 00:00:00","org_id":"","org_name":"中国移动通信集团海南有限公司","revenue":"18623.55","income":"41385","month":"10","is_channel":"1","detail_report_path":"中国移动通信集团海南有限公司/1410.xls","check_status":"1","buzz_type":"全曲","down_num":"41385","demo_num":"1109329"},{"user_num":"16301","create_time":"1544663888","status":"1","id":"429","start_time":"2014-11-30 00:00:00","org_id":"","org_name":"中国移动通信集团海南有限公司","revenue":"38071.09","income":"84602","month":"11","is_channel":"1","detail_report_path":"中国移动通信集团海南有限公司/1411.xls","check_status":"1","buzz_type":"全曲","down_num":"84602","demo_num":"2267741"},{"user_num":"11323","create_time":"1544663889","status":"1","id":"430","start_time":"2014-12-31 00:00:00","org_id":"","org_name":"中国移动通信集团海南有限公司","revenue":"26920.8","income":"59824","month":"12","is_channel":"1","detail_report_path":"中国移动通信集团海南有限公司/1412.xls","check_status":"1","buzz_type":"全曲","down_num":"59824","demo_num":"1603563"},{"user_num":"24118","create_time":"1544663889","status":"1","id":"431","start_time":"2015-01-31 00:00:00","org_id":"","org_name":"中国移动通信集团海南有限公司","revenue":"55450.22","income":"123222","month":"01","is_channel":"1","detail_report_path":"中国移动通信集团海南有限公司/1501.xls","check_status":"1","buzz_type":"全曲","down_num":"123222","demo_num":"3302945"},{"user_num":"13473","create_time":"1544663889","status":"1","id":"432","start_time":"2015-02-28 00:00:00","org_id":"","org_name":"中国移动通信集团海南有限公司","revenue":"31714.35","income":"70476","month":"02","is_channel":"1","detail_report_path":"中国移动通信集团海南有限公司/1502.xls","check_status":"1","buzz_type":"全曲","down_num":"70476","demo_num":"1889095"},{"user_num":"10803","create_time":"1544663890","status":"1","id":"433","start_time":"2015-03-31 00:00:00","org_id":"","org_name":"中国移动通信集团海南有限公司","revenue":"25567.67","income":"56817","month":"03","is_channel":"1","detail_report_path":"中国移动通信集团海南有限公司/1503.xls","check_status":"1","buzz_type":"全曲","down_num":"56817","demo_num":"1522962"},{"user_num":"14862","create_time":"1544663890","status":"1","id":"434","start_time":"2015-04-30 00:00:00","org_id":"","org_name":"中国移动通信集团海南有限公司","revenue":"34994.96","income":"77766","month":"04","is_channel":"1","detail_report_path":"中国移动通信集团海南有限公司/1504.xls","check_status":"1","buzz_type":"全曲","down_num":"77766","demo_num":"2084508"},{"user_num":"15831","create_time":"1544663891","status":"1","id":"435","start_time":"2015-05-31 00:00:00","org_id":"","org_name":"中国移动通信集团海南有限公司","revenue":"37235.05","income":"82744","month":"05","is_channel":"1","detail_report_path":"中国移动通信集团海南有限公司/1505.xls","check_status":"1","buzz_type":"全曲","down_num":"82744","demo_num":"2217941"},{"user_num":"11715","create_time":"1544663891","status":"1","id":"436","start_time":"2015-06-30 00:00:00","org_id":"","org_name":"中国移动通信集团海南有限公司","revenue":"27823.04","income":"61828","month":"06","is_channel":"1","detail_report_path":"中国移动通信集团海南有限公司/1506.xls","check_status":"1","buzz_type":"全曲","down_num":"61828","demo_num":"1657306"},{"user_num":"7498","create_time":"1544663891","status":"1","id":"437","start_time":"2015-07-31 00:00:00","org_id":"","org_name":"中国移动通信集团海南有限公司","revenue":"18059.97","income":"40133","month":"07","is_channel":"1","detail_report_path":"中国移动通信集团海南有限公司/1507.xls","check_status":"1","buzz_type":"全曲","down_num":"40133","demo_num":"1075759"},{"user_num":"11189","create_time":"1544663891","status":"1","id":"438","start_time":"2015-08-31 00:00:00","org_id":"","org_name":"中国移动通信集团海南有限公司","revenue":"26422.26","income":"58716","month":"08","is_channel":"1","detail_report_path":"中国移动通信集团海南有限公司/1508.xls","check_status":"1","buzz_type":"全曲","down_num":"58716","demo_num":"1573867"},{"user_num":"13914","create_time":"1544663892","status":"1","id":"439","start_time":"2015-09-30 00:00:00","org_id":"","org_name":"中国移动通信集团海南有限公司","revenue":"33033.54","income":"73407","month":"09","is_channel":"1","detail_report_path":"中国移动通信集团海南有限公司/1509.xls","check_status":"1","buzz_type":"全曲","down_num":"73407","demo_num":"1967674"},{"user_num":"27448","create_time":"1544663892","status":"1","id":"440","start_time":"2015-10-31 00:00:00","org_id":"","org_name":"中国移动通信集团海南有限公司","revenue":"63695.62","income":"141545","month":"10","is_channel":"1","detail_report_path":"中国移动通信集团海南有限公司/1510.xls","check_status":"1","buzz_type":"全曲","down_num":"141545","demo_num":"3794090"},{"user_num":"17672","create_time":"1544663892","status":"1","id":"441","start_time":"2015-11-30 00:00:00","org_id":"","org_name":"中国移动通信集团海南有限公司","revenue":"41184.05","income":"91520","month":"11","is_channel":"1","detail_report_path":"中国移动通信集团海南有限公司/1511.xls","check_status":"1","buzz_type":"全曲","down_num":"91520","demo_num":"2453167"},{"user_num":"16602","create_time":"1544663893","status":"1","id":"442","start_time":"2015-12-31 00:00:00","org_id":"","org_name":"中国移动通信集团海南有限公司","revenue":"39110.45","income":"86912","month":"12","is_channel":"1","detail_report_path":"中国移动通信集团海南有限公司/1512.xls","check_status":"1","buzz_type":"全曲","down_num":"86912","demo_num":"2329651"},{"user_num":"14752","create_time":"1544663893","status":"1","id":"443","start_time":"2016-01-31 00:00:00","org_id":"","org_name":"中国移动通信集团海南有限公司","revenue":"34763.73","income":"77252","month":"01","is_channel":"1","detail_report_path":"中国移动通信集团海南有限公司/1601.xls","check_status":"1","buzz_type":"全曲","down_num":"77252","demo_num":"2070734"},{"user_num":"15056","create_time":"1544663894","status":"1","id":"444","start_time":"2016-02-29 00:00:00","org_id":"","org_name":"中国移动通信集团海南有限公司","revenue":"35190.9","income":"78202","month":"02","is_channel":"1","detail_report_path":"中国移动通信集团海南有限公司/1602.xls","check_status":"1","buzz_type":"全曲","down_num":"78202","demo_num":"2096179"},{"user_num":"6892","create_time":"1544663894","status":"1","id":"445","start_time":"2016-03-31 00:00:00","org_id":"","org_name":"中国移动通信集团海南有限公司","revenue":"16778.06","income":"37284","month":"03","is_channel":"1","detail_report_path":"中国移动通信集团海南有限公司/1603.xls","check_status":"1","buzz_type":"全曲","down_num":"37284","demo_num":"999401"},{"user_num":"2690","create_time":"1544663894","status":"1","id":"446","start_time":"2016-04-30 00:00:00","org_id":"","org_name":"中国移动通信集团海南有限公司","revenue":"6449.62","income":"14332","month":"04","is_channel":"1","detail_report_path":"中国移动通信集团海南有限公司/1604.xls","check_status":"1","buzz_type":"全曲","down_num":"14332","demo_num":"384177"},{"user_num":"1034","create_time":"1544663894","status":"1","id":"447","start_time":"2016-05-31 00:00:00","org_id":"","org_name":"中国移动通信集团海南有限公司","revenue":"2487.1","income":"5526","month":"05","is_channel":"1","detail_report_path":"中国移动通信集团海南有限公司/1605.xls","check_status":"1","buzz_type":"全曲","down_num":"5526","demo_num":"148146"},{"user_num":"1153","create_time":"1544663894","status":"1","id":"448","start_time":"2016-06-30 00:00:00","org_id":"","org_name":"中国移动通信集团海南有限公司","revenue":"2761.19","income":"6135","month":"06","is_channel":"1","detail_report_path":"中国移动通信集团海南有限公司/1606.xls","check_status":"1","buzz_type":"全曲","down_num":"6135","demo_num":"164472"},{"user_num":"7016","create_time":"1544663895","status":"1","id":"449","start_time":"2016-07-31 00:00:00","org_id":"","org_name":"中国移动通信集团海南有限公司","revenue":"16922.67","income":"37605","month":"07","is_channel":"1","detail_report_path":"中国移动通信集团海南有限公司/1607.xls","check_status":"1","buzz_type":"全曲","down_num":"37605","demo_num":"1008015"},{"user_num":"2479","create_time":"1544663895","status":"1","id":"450","start_time":"2012-11-30 00:00:00","org_id":"","org_name":"中国移动通信集团黑龙江有限公司","revenue":"6073.31","income":"13496","month":"11","is_channel":"1","detail_report_path":"中国移动通信集团黑龙江有限公司/1211.xls","check_status":"1","buzz_type":"全曲","down_num":"13496","demo_num":"361762"},{"user_num":"4955","create_time":"1544663895","status":"1","id":"451","start_time":"2012-12-31 00:00:00","org_id":"","org_name":"中国移动通信集团黑龙江有限公司","revenue":"11778.39","income":"26174","month":"12","is_channel":"1","detail_report_path":"中国移动通信集团黑龙江有限公司/1212.xls","check_status":"1","buzz_type":"全曲","down_num":"26174","demo_num":"701591"},{"user_num":"41278","create_time":"1544663896","status":"1","id":"452","start_time":"2013-01-31 00:00:00","org_id":"","org_name":"中国移动通信集团黑龙江有限公司","revenue":"96447.95","income":"214328","month":"01","is_channel":"1","detail_report_path":"中国移动通信集团黑龙江有限公司/1301.xls","check_status":"1","buzz_type":"全曲","down_num":"214328","demo_num":"5745014"},{"user_num":"49138","create_time":"1544663896","status":"1","id":"453","start_time":"2013-02-28 00:00:00","org_id":"","org_name":"中国移动通信集团黑龙江有限公司","revenue":"113956.31","income":"253236","month":"02","is_channel":"1","detail_report_path":"中国移动通信集团黑龙江有限公司/1302.xls","check_status":"1","buzz_type":"全曲","down_num":"253236","demo_num":"6787917"},{"user_num":"54572","create_time":"1544663897","status":"1","id":"454","start_time":"2013-03-31 00:00:00","org_id":"","org_name":"中国移动通信集团黑龙江有限公司","revenue":"125525.03","income":"278944","month":"03","is_channel":"1","detail_report_path":"中国移动通信集团黑龙江有限公司/1303.xls","check_status":"1","buzz_type":"全曲","down_num":"278944","demo_num":"7477018"},{"user_num":"47618","create_time":"1544663897","status":"1","id":"455","start_time":"2013-04-30 00:00:00","org_id":"","org_name":"中国移动通信集团黑龙江有限公司","revenue":"110147.72","income":"244772","month":"04","is_channel":"1","detail_report_path":"中国移动通信集团黑龙江有限公司/1304.xls","check_status":"1","buzz_type":"全曲","down_num":"244772","demo_num":"6561054"},{"user_num":"50791","create_time":"1544663898","status":"1","id":"456","start_time":"2013-05-31 00:00:00","org_id":"","org_name":"中国移动通信集团黑龙江有限公司","revenue":"117617.26","income":"261371","month":"05","is_channel":"1","detail_report_path":"中国移动通信集团黑龙江有限公司/1305.xls","check_status":"1","buzz_type":"全曲","down_num":"261371","demo_num":"7005985"},{"user_num":"65931","create_time":"1544663898","status":"1","id":"457","start_time":"2013-06-30 00:00:00","org_id":"","org_name":"中国移动通信集团黑龙江有限公司","revenue":"153413.7","income":"340919","month":"06","is_channel":"1","detail_report_path":"中国移动通信集团黑龙江有限公司/1306.xls","check_status":"1","buzz_type":"全曲","down_num":"340919","demo_num":"9138234"},{"user_num":"24173","create_time":"1544663898","status":"1","id":"458","start_time":"2013-07-31 00:00:00","org_id":"","org_name":"中国移动通信集团黑龙江有限公司","revenue":"56101.61","income":"124670","month":"07","is_channel":"1","detail_report_path":"中国移动通信集团黑龙江有限公司/1307.xls","check_status":"1","buzz_type":"全曲","down_num":"124670","demo_num":"3341746"},{"user_num":"7802","create_time":"1544663899","status":"1","id":"459","start_time":"2013-08-31 00:00:00","org_id":"","org_name":"中国移动通信集团黑龙江有限公司","revenue":"18739.15","income":"41642","month":"08","is_channel":"1","detail_report_path":"中国移动通信集团黑龙江有限公司/1308.xls","check_status":"1","buzz_type":"全曲","down_num":"41642","demo_num":"1116215"},{"user_num":"958","create_time":"1544663899","status":"1","id":"460","start_time":"2013-09-30 00:00:00","org_id":"","org_name":"中国移动通信集团黑龙江有限公司","revenue":"2222.16","income":"4938","month":"09","is_channel":"1","detail_report_path":"中国移动通信集团黑龙江有限公司/1309.xls","check_status":"1","buzz_type":"全曲","down_num":"4938","demo_num":"132365"},{"user_num":"934","create_time":"1544663899","status":"1","id":"461","start_time":"2013-10-31 00:00:00","org_id":"","org_name":"中国移动通信集团黑龙江有限公司","revenue":"2264.56","income":"5032","month":"10","is_channel":"1","detail_report_path":"中国移动通信集团黑龙江有限公司/1310.xls","check_status":"1","buzz_type":"全曲","down_num":"5032","demo_num":"134890"},{"user_num":"736","create_time":"1544663899","status":"1","id":"462","start_time":"2013-11-30 00:00:00","org_id":"","org_name":"中国移动通信集团黑龙江有限公司","revenue":"1814.13","income":"4031","month":"11","is_channel":"1","detail_report_path":"中国移动通信集团黑龙江有限公司/1311.xls","check_status":"1","buzz_type":"全曲","down_num":"4031","demo_num":"108060"},{"user_num":"677","create_time":"1544663899","status":"1","id":"463","start_time":"2013-12-31 00:00:00","org_id":"","org_name":"中国移动通信集团黑龙江有限公司","revenue":"1608.19","income":"3573","month":"12","is_channel":"1","detail_report_path":"中国移动通信集团黑龙江有限公司/1312.xls","check_status":"1","buzz_type":"全曲","down_num":"3573","demo_num":"95793"},{"user_num":"9759","create_time":"1544663900","status":"1","id":"464","start_time":"2014-01-31 00:00:00","org_id":"","org_name":"中国移动通信集团黑龙江有限公司","revenue":"22987.72","income":"51083","month":"01","is_channel":"1","detail_report_path":"中国移动通信集团黑龙江有限公司/1401.xls","check_status":"1","buzz_type":"全曲","down_num":"51083","demo_num":"1369285"},{"user_num":"3310","create_time":"1544663900","status":"1","id":"465","start_time":"2014-02-28 00:00:00","org_id":"","org_name":"中国移动通信集团黑龙江有限公司","revenue":"8050.94","income":"17890","month":"02","is_channel":"1","detail_report_path":"中国移动通信集团黑龙江有限公司/1402.xls","check_status":"1","buzz_type":"全曲","down_num":"17890","demo_num":"479561"},{"user_num":"23903","create_time":"1544663900","status":"1","id":"466","start_time":"2014-03-31 00:00:00","org_id":"","org_name":"中国移动通信集团黑龙江有限公司","revenue":"55183.53","income":"122630","month":"03","is_channel":"1","detail_report_path":"中国移动通信集团黑龙江有限公司/1403.xls","check_status":"1","buzz_type":"全曲","down_num":"122630","demo_num":"3287059"},{"user_num":"21478","create_time":"1544663901","status":"1","id":"467","start_time":"2014-04-30 00:00:00","org_id":"","org_name":"中国移动通信集团黑龙江有限公司","revenue":"49632.16","income":"110293","month":"04","is_channel":"1","detail_report_path":"中国移动通信集团黑龙江有限公司/1404.xls","check_status":"1","buzz_type":"全曲","down_num":"110293","demo_num":"2956387"},{"user_num":"37318","create_time":"1544663901","status":"1","id":"468","start_time":"2014-05-31 00:00:00","org_id":"","org_name":"中国移动通信集团黑龙江有限公司","revenue":"87597.77","income":"194661","month":"05","is_channel":"1","detail_report_path":"中国移动通信集团黑龙江有限公司/1405.xls","check_status":"1","buzz_type":"全曲","down_num":"194661","demo_num":"5217845"},{"user_num":"50302","create_time":"1544663902","status":"1","id":"469","start_time":"2014-06-30 00:00:00","org_id":"","org_name":"中国移动通信集团黑龙江有限公司","revenue":"116410.03","income":"258688","month":"06","is_channel":"1","detail_report_path":"中国移动通信集团黑龙江有限公司/1406.xls","check_status":"1","buzz_type":"全曲","down_num":"258688","demo_num":"6934075"},{"user_num":"56996","create_time":"1544663902","status":"1","id":"470","start_time":"2014-07-31 00:00:00","org_id":"","org_name":"中国移动通信集团黑龙江有限公司","revenue":"131522.98","income":"292273","month":"07","is_channel":"1","detail_report_path":"中国移动通信集团黑龙江有限公司/1407.xls","check_status":"1","buzz_type":"全曲","down_num":"292273","demo_num":"7834292"},{"user_num":"49829","create_time":"1544663903","status":"1","id":"471","start_time":"2014-08-31 00:00:00","org_id":"","org_name":"中国移动通信集团黑龙江有限公司","revenue":"115631.48","income":"256958","month":"08","is_channel":"1","detail_report_path":"中国移动通信集团黑龙江有限公司/1408.xls","check_status":"1","buzz_type":"全曲","down_num":"256958","demo_num":"6887700"},{"user_num":"39830","create_time":"1544663903","status":"1","id":"472","start_time":"2014-09-30 00:00:00","org_id":"","org_name":"中国移动通信集团黑龙江有限公司","revenue":"93088.43","income":"206863","month":"09","is_channel":"1","detail_report_path":"中国移动通信集团黑龙江有限公司/1409.xls","check_status":"1","buzz_type":"全曲","down_num":"206863","demo_num":"5544901"},{"user_num":"14785","create_time":"1544663903","status":"1","id":"473","start_time":"2014-10-31 00:00:00","org_id":"","org_name":"中国移动通信集团黑龙江有限公司","revenue":"35095.66","income":"77990","month":"10","is_channel":"1","detail_report_path":"中国移动通信集团黑龙江有限公司/1410.xls","check_status":"1","buzz_type":"全曲","down_num":"77990","demo_num":"2090506"},{"user_num":"17399","create_time":"1544663904","status":"1","id":"474","start_time":"2014-11-30 00:00:00","org_id":"","org_name":"中国移动通信集团黑龙江有限公司","revenue":"40666.12","income":"90369","month":"11","is_channel":"1","detail_report_path":"中国移动通信集团黑龙江有限公司/1411.xls","check_status":"1","buzz_type":"全曲","down_num":"90369","demo_num":"2422316"},{"user_num":"9816","create_time":"1544663904","status":"1","id":"475","start_time":"2014-12-31 00:00:00","org_id":"","org_name":"中国移动通信集团黑龙江有限公司","revenue":"23085.01","income":"51300","month":"12","is_channel":"1","detail_report_path":"中国移动通信集团黑龙江有限公司/1412.xls","check_status":"1","buzz_type":"全曲","down_num":"51300","demo_num":"1375080"},{"user_num":"3270","create_time":"1544663904","status":"1","id":"476","start_time":"2015-01-31 00:00:00","org_id":"","org_name":"中国移动通信集团黑龙江有限公司","revenue":"7978.15","income":"17729","month":"01","is_channel":"1","detail_report_path":"中国移动通信集团黑龙江有限公司/1501.xls","check_status":"1","buzz_type":"全曲","down_num":"17729","demo_num":"475226"},{"user_num":"14417","create_time":"1544663905","status":"1","id":"477","start_time":"2015-02-28 00:00:00","org_id":"","org_name":"中国移动通信集团黑龙江有限公司","revenue":"33674.93","income":"74833","month":"02","is_channel":"1","detail_report_path":"中国移动通信集团黑龙江有限公司/1502.xls","check_status":"1","buzz_type":"全曲","down_num":"74833","demo_num":"2005879"},{"user_num":"12831","create_time":"1544663905","status":"1","id":"478","start_time":"2015-03-31 00:00:00","org_id":"","org_name":"中国移动通信集团黑龙江有限公司","revenue":"30540.71","income":"67868","month":"03","is_channel":"1","detail_report_path":"中国移动通信集团黑龙江有限公司/1503.xls","check_status":"1","buzz_type":"全曲","down_num":"67868","demo_num":"1819186"},{"user_num":"10182","create_time":"1544663905","status":"1","id":"479","start_time":"2015-04-30 00:00:00","org_id":"","org_name":"中国移动通信集团黑龙江有限公司","revenue":"24075.21","income":"53500","month":"04","is_channel":"1","detail_report_path":"中国移动通信集团黑龙江有限公司/1504.xls","check_status":"1","buzz_type":"全曲","down_num":"53500","demo_num":"1434063"},{"user_num":"13790","create_time":"1544663906","status":"1","id":"480","start_time":"2015-05-31 00:00:00","org_id":"","org_name":"中国移动通信集团黑龙江有限公司","revenue":"32694.87","income":"72655","month":"05","is_channel":"1","detail_report_path":"中国移动通信集团黑龙江有限公司/1505.xls","check_status":"1","buzz_type":"全曲","down_num":"72655","demo_num":"1947501"},{"user_num":"2369","create_time":"1544663906","status":"1","id":"481","start_time":"2015-06-30 00:00:00","org_id":"","org_name":"中国移动通信集团黑龙江有限公司","revenue":"5701.45","income":"12669","month":"06","is_channel":"1","detail_report_path":"中国移动通信集团黑龙江有限公司/1506.xls","check_status":"1","buzz_type":"全曲","down_num":"12669","demo_num":"339612"},{"user_num":"12286","create_time":"1544663906","status":"1","id":"482","start_time":"2015-07-31 00:00:00","org_id":"","org_name":"中国移动通信集团黑龙江有限公司","revenue":"29119.03","income":"64708","month":"07","is_channel":"1","detail_report_path":"中国移动通信集团黑龙江有限公司/1507.xls","check_status":"1","buzz_type":"全曲","down_num":"64708","demo_num":"1734502"},{"user_num":"11562","create_time":"1544663906","status":"1","id":"483","start_time":"2015-08-31 00:00:00","org_id":"","org_name":"中国移动通信集团黑龙江有限公司","revenue":"27470.89","income":"61046","month":"08","is_channel":"1","detail_report_path":"中国移动通信集团黑龙江有限公司/1508.xls","check_status":"1","buzz_type":"全曲","down_num":"61046","demo_num":"1636329"},{"user_num":"8485","create_time":"1544663907","status":"1","id":"484","start_time":"2015-09-30 00:00:00","org_id":"","org_name":"中国移动通信集团黑龙江有限公司","revenue":"20138.25","income":"44751","month":"09","is_channel":"1","detail_report_path":"中国移动通信集团黑龙江有限公司/1509.xls","check_status":"1","buzz_type":"全曲","down_num":"44751","demo_num":"1199554"},{"user_num":"9751","create_time":"1544663907","status":"1","id":"485","start_time":"2015-10-31 00:00:00","org_id":"","org_name":"中国移动通信集团黑龙江有限公司","revenue":"23050.94","income":"51224","month":"10","is_channel":"1","detail_report_path":"中国移动通信集团黑龙江有限公司/1510.xls","check_status":"1","buzz_type":"全曲","down_num":"51224","demo_num":"1373051"},{"user_num":"10713","create_time":"1544663907","status":"1","id":"486","start_time":"2015-11-30 00:00:00","org_id":"","org_name":"中国移动通信集团黑龙江有限公司","revenue":"25228.28","income":"56062","month":"11","is_channel":"1","detail_report_path":"中国移动通信集团黑龙江有限公司/1511.xls","check_status":"1","buzz_type":"全曲","down_num":"56062","demo_num":"1502746"},{"user_num":"10073","create_time":"1544663908","status":"1","id":"487","start_time":"2015-12-31 00:00:00","org_id":"","org_name":"中国移动通信集团黑龙江有限公司","revenue":"23970.73","income":"53268","month":"12","is_channel":"1","detail_report_path":"中国移动通信集团黑龙江有限公司/1512.xls","check_status":"1","buzz_type":"全曲","down_num":"53268","demo_num":"1427839"},{"user_num":"1258","create_time":"1544663908","status":"1","id":"488","start_time":"2016-01-31 00:00:00","org_id":"","org_name":"中国移动通信集团黑龙江有限公司","revenue":"3013.85","income":"6697","month":"01","is_channel":"1","detail_report_path":"中国移动通信集团黑龙江有限公司/1601.xls","check_status":"1","buzz_type":"全曲","down_num":"6697","demo_num":"179522"},{"user_num":"14190","create_time":"1544663908","status":"1","id":"489","start_time":"2016-02-29 00:00:00","org_id":"","org_name":"中国移动通信集团黑龙江有限公司","revenue":"33684.04","income":"74853","month":"02","is_channel":"1","detail_report_path":"中国移动通信集团黑龙江有限公司/1602.xls","check_status":"1","buzz_type":"全曲","down_num":"74853","demo_num":"2006422"},{"user_num":"13984","create_time":"1544663909","status":"1","id":"490","start_time":"2016-03-31 00:00:00","org_id":"","org_name":"中国移动通信集团黑龙江有限公司","revenue":"33386.23","income":"74191","month":"03","is_channel":"1","detail_report_path":"中国移动通信集团黑龙江有限公司/1603.xls","check_status":"1","buzz_type":"全曲","down_num":"74191","demo_num":"1988682"},{"user_num":"14226","create_time":"1544663909","status":"1","id":"491","start_time":"2016-04-30 00:00:00","org_id":"","org_name":"中国移动通信集团黑龙江有限公司","revenue":"33466.55","income":"74370","month":"04","is_channel":"1","detail_report_path":"中国移动通信集团黑龙江有限公司/1604.xls","check_status":"1","buzz_type":"全曲","down_num":"74370","demo_num":"1993467"},{"user_num":"9920","create_time":"1544663909","status":"1","id":"492","start_time":"2016-05-31 00:00:00","org_id":"","org_name":"中国移动通信集团黑龙江有限公司","revenue":"23400.45","income":"52001","month":"05","is_channel":"1","detail_report_path":"中国移动通信集团黑龙江有限公司/1605.xls","check_status":"1","buzz_type":"全曲","down_num":"52001","demo_num":"1393870"},{"user_num":"7785","create_time":"1544663909","status":"1","id":"493","start_time":"2016-06-30 00:00:00","org_id":"","org_name":"中国移动通信集团黑龙江有限公司","revenue":"18628.61","income":"41396","month":"06","is_channel":"1","detail_report_path":"中国移动通信集团黑龙江有限公司/1606.xls","check_status":"1","buzz_type":"全曲","down_num":"41396","demo_num":"1109631"},{"user_num":"5473","create_time":"1544663910","status":"1","id":"494","start_time":"2016-07-31 00:00:00","org_id":"","org_name":"中国移动通信集团黑龙江有限公司","revenue":"13198","income":"29328","month":"07","is_channel":"1","detail_report_path":"中国移动通信集团黑龙江有限公司/1607.xls","check_status":"1","buzz_type":"全曲","down_num":"29328","demo_num":"786151"},{"user_num":"47","create_time":"1544663910","status":"1","id":"495","start_time":"2012-10-31 00:00:00","org_id":"","org_name":"中国移动通信集团江西有限公司","revenue":"368.9","income":"819","month":"10","is_channel":"1","detail_report_path":"中国移动通信集团江西有限公司/1210.xls","check_status":"1","buzz_type":"全曲","down_num":"819","demo_num":"21973"},{"user_num":"60","create_time":"1544663910","status":"1","id":"496","start_time":"2012-11-30 00:00:00","org_id":"","org_name":"中国移动通信集团江西有限公司","revenue":"552.51","income":"1227","month":"11","is_channel":"1","detail_report_path":"中国移动通信集团江西有限公司/1211.xls","check_status":"1","buzz_type":"全曲","down_num":"1227","demo_num":"32910"},{"user_num":"45","create_time":"1544663910","status":"1","id":"497","start_time":"2012-12-31 00:00:00","org_id":"","org_name":"中国移动通信集团江西有限公司","revenue":"390.46","income":"867","month":"12","is_channel":"1","detail_report_path":"中国移动通信集团江西有限公司/1212.xls","check_status":"1","buzz_type":"全曲","down_num":"867","demo_num":"23258"},{"user_num":"31","create_time":"1544663910","status":"1","id":"498","start_time":"2013-01-31 00:00:00","org_id":"","org_name":"中国移动通信集团江西有限公司","revenue":"284.8","income":"632","month":"01","is_channel":"1","detail_report_path":"中国移动通信集团江西有限公司/1301.xls","check_status":"1","buzz_type":"全曲","down_num":"632","demo_num":"16964"},{"user_num":"45","create_time":"1544663910","status":"1","id":"499","start_time":"2013-02-28 00:00:00","org_id":"","org_name":"中国移动通信集团江西有限公司","revenue":"236.94","income":"526","month":"02","is_channel":"1","detail_report_path":"中国移动通信集团江西有限公司/1302.xls","check_status":"1","buzz_type":"全曲","down_num":"526","demo_num":"14113"},{"user_num":"41","create_time":"1544663911","status":"1","id":"500","start_time":"2013-03-31 00:00:00","org_id":"","org_name":"中国移动通信集团江西有限公司","revenue":"193.85","income":"430","month":"03","is_channel":"1","detail_report_path":"中国移动通信集团江西有限公司/1303.xls","check_status":"1","buzz_type":"全曲","down_num":"430","demo_num":"11546"},{"user_num":"30","create_time":"1544663911","status":"1","id":"501","start_time":"2013-04-30 00:00:00","org_id":"","org_name":"中国移动通信集团江西有限公司","revenue":"103.76","income":"230","month":"04","is_channel":"1","detail_report_path":"中国移动通信集团江西有限公司/1304.xls","check_status":"1","buzz_type":"全曲","down_num":"230","demo_num":"6180"},{"user_num":"44","create_time":"1544663911","status":"1","id":"502","start_time":"2013-05-31 00:00:00","org_id":"","org_name":"中国移动通信集团江西有限公司","revenue":"333.09","income":"740","month":"05","is_channel":"1","detail_report_path":"中国移动通信集团江西有限公司/1305.xls","check_status":"1","buzz_type":"全曲","down_num":"740","demo_num":"19840"},{"user_num":"30","create_time":"1544663911","status":"1","id":"503","start_time":"2013-06-30 00:00:00","org_id":"","org_name":"中国移动通信集团江西有限公司","revenue":"121.85","income":"270","month":"06","is_channel":"1","detail_report_path":"中国移动通信集团江西有限公司/1306.xls","check_status":"1","buzz_type":"全曲","down_num":"270","demo_num":"7258"},{"user_num":"31","create_time":"1544663911","status":"1","id":"504","start_time":"2013-07-31 00:00:00","org_id":"","org_name":"中国移动通信集团江西有限公司","revenue":"97.96","income":"217","month":"07","is_channel":"1","detail_report_path":"中国移动通信集团江西有限公司/1307.xls","check_status":"1","buzz_type":"全曲","down_num":"217","demo_num":"5835"},{"user_num":"31","create_time":"1544663911","status":"1","id":"505","start_time":"2013-08-31 00:00:00","org_id":"","org_name":"中国移动通信集团江西有限公司","revenue":"28.28","income":"62","month":"08","is_channel":"1","detail_report_path":"中国移动通信集团江西有限公司/1308.xls","check_status":"1","buzz_type":"全曲","down_num":"62","demo_num":"1684"},{"user_num":"294","create_time":"1544663912","status":"1","id":"506","start_time":"2013-09-30 00:00:00","org_id":"","org_name":"中国移动通信集团江西有限公司","revenue":"855.34","income":"1900","month":"09","is_channel":"1","detail_report_path":"中国移动通信集团江西有限公司/1309.xls","check_status":"1","buzz_type":"全曲","down_num":"1900","demo_num":"50949"},{"user_num":"169","create_time":"1544663912","status":"1","id":"507","start_time":"2013-10-31 00:00:00","org_id":"","org_name":"中国移动通信集团江西有限公司","revenue":"675.8","income":"1501","month":"10","is_channel":"1","detail_report_path":"中国移动通信集团江西有限公司/1310.xls","check_status":"1","buzz_type":"全曲","down_num":"1501","demo_num":"40254"},{"user_num":"84","create_time":"1544663912","status":"1","id":"508","start_time":"2013-11-30 00:00:00","org_id":"","org_name":"中国移动通信集团江西有限公司","revenue":"581.91","income":"1293","month":"11","is_channel":"1","detail_report_path":"中国移动通信集团江西有限公司/1311.xls","check_status":"1","buzz_type":"全曲","down_num":"1293","demo_num":"34662"},{"user_num":"150","create_time":"1544663912","status":"1","id":"509","start_time":"2013-12-31 00:00:00","org_id":"","org_name":"中国移动通信集团江西有限公司","revenue":"650.29","income":"1445","month":"12","is_channel":"1","detail_report_path":"中国移动通信集团江西有限公司/1312.xls","check_status":"1","buzz_type":"全曲","down_num":"1445","demo_num":"38735"},{"user_num":"566","create_time":"1544663912","status":"1","id":"510","start_time":"2014-01-31 00:00:00","org_id":"","org_name":"中国移动通信集团江西有限公司","revenue":"1348.33","income":"2996","month":"01","is_channel":"1","detail_report_path":"中国移动通信集团江西有限公司/1401.xls","check_status":"1","buzz_type":"全曲","down_num":"2996","demo_num":"80314"},{"user_num":"425","create_time":"1544663912","status":"1","id":"511","start_time":"2014-02-28 00:00:00","org_id":"","org_name":"中国移动通信集团江西有限公司","revenue":"1078.64","income":"2396","month":"02","is_channel":"1","detail_report_path":"中国移动通信集团江西有限公司/1402.xls","check_status":"1","buzz_type":"全曲","down_num":"2396","demo_num":"64250"},{"user_num":"673","create_time":"1544663913","status":"1","id":"512","start_time":"2014-03-31 00:00:00","org_id":"","org_name":"中国移动通信集团江西有限公司","revenue":"1647.35","income":"3660","month":"03","is_channel":"1","detail_report_path":"中国移动通信集团江西有限公司/1403.xls","check_status":"1","buzz_type":"全曲","down_num":"3660","demo_num":"98125"},{"user_num":"842","create_time":"1544663913","status":"1","id":"513","start_time":"2014-04-30 00:00:00","org_id":"","org_name":"中国移动通信集团江西有限公司","revenue":"2044.35","income":"4543","month":"04","is_channel":"1","detail_report_path":"中国移动通信集团江西有限公司/1404.xls","check_status":"1","buzz_type":"全曲","down_num":"4543","demo_num":"121773"},{"user_num":"801","create_time":"1544663913","status":"1","id":"514","start_time":"2014-05-31 00:00:00","org_id":"","org_name":"中国移动通信集团江西有限公司","revenue":"1935.27","income":"4300","month":"05","is_channel":"1","detail_report_path":"中国移动通信集团江西有限公司/1405.xls","check_status":"1","buzz_type":"全曲","down_num":"4300","demo_num":"115276"},{"user_num":"4924","create_time":"1544663913","status":"1","id":"515","start_time":"2014-06-30 00:00:00","org_id":"","org_name":"中国移动通信集团江西有限公司","revenue":"11835.42","income":"26300","month":"06","is_channel":"1","detail_report_path":"中国移动通信集团江西有限公司/1406.xls","check_status":"1","buzz_type":"全曲","down_num":"26300","demo_num":"704988"},{"user_num":"17572","create_time":"1544663913","status":"1","id":"516","start_time":"2014-07-31 00:00:00","org_id":"","org_name":"中国移动通信集团江西有限公司","revenue":"41294.56","income":"91765","month":"07","is_channel":"1","detail_report_path":"中国移动通信集团江西有限公司/1407.xls","check_status":"1","buzz_type":"全曲","down_num":"91765","demo_num":"2459750"},{"user_num":"31538","create_time":"1544663914","status":"1","id":"517","start_time":"2014-08-31 00:00:00","org_id":"","org_name":"中国移动通信集团江西有限公司","revenue":"74235.53","income":"164967","month":"08","is_channel":"1","detail_report_path":"中国移动通信集团江西有限公司/1408.xls","check_status":"1","buzz_type":"全曲","down_num":"164967","demo_num":"4421910"},{"user_num":"29988","create_time":"1544663914","status":"1","id":"518","start_time":"2014-09-30 00:00:00","org_id":"","org_name":"中国移动通信集团江西有限公司","revenue":"70595.26","income":"156878","month":"09","is_channel":"1","detail_report_path":"中国移动通信集团江西有限公司/1409.xls","check_status":"1","buzz_type":"全曲","down_num":"156878","demo_num":"4205074"},{"user_num":"21758","create_time":"1544663915","status":"1","id":"519","start_time":"2014-10-31 00:00:00","org_id":"","org_name":"中国移动通信集团江西有限公司","revenue":"50408.02","income":"112017","month":"10","is_channel":"1","detail_report_path":"中国移动通信集团江西有限公司/1410.xls","check_status":"1","buzz_type":"全曲","down_num":"112017","demo_num":"3002602"},{"user_num":"39367","create_time":"1544663915","status":"1","id":"520","start_time":"2014-11-30 00:00:00","org_id":"","org_name":"中国移动通信集团江西有限公司","revenue":"91862.07","income":"204137","month":"11","is_channel":"1","detail_report_path":"中国移动通信集团江西有限公司/1411.xls","check_status":"1","buzz_type":"全曲","down_num":"204137","demo_num":"5471852"},{"user_num":"25823","create_time":"1544663916","status":"1","id":"521","start_time":"2014-12-31 00:00:00","org_id":"","org_name":"中国移动通信集团江西有限公司","revenue":"59478.41","income":"132174","month":"12","is_channel":"1","detail_report_path":"中国移动通信集团江西有限公司/1412.xls","check_status":"1","buzz_type":"全曲","down_num":"132174","demo_num":"3542888"},{"user_num":"23647","create_time":"1544663916","status":"1","id":"522","start_time":"2015-01-31 00:00:00","org_id":"","org_name":"中国移动通信集团江西有限公司","revenue":"54926.58","income":"122059","month":"01","is_channel":"1","detail_report_path":"中国移动通信集团江西有限公司/1501.xls","check_status":"1","buzz_type":"全曲","down_num":"122059","demo_num":"3271754"},{"user_num":"29229","create_time":"1544663916","status":"1","id":"523","start_time":"2015-02-28 00:00:00","org_id":"","org_name":"中国移动通信集团江西有限公司","revenue":"68604.66","income":"152454","month":"02","is_channel":"1","detail_report_path":"中国移动通信集团江西有限公司/1502.xls","check_status":"1","buzz_type":"全曲","down_num":"152454","demo_num":"4086502"},{"user_num":"11989","create_time":"1544663917","status":"1","id":"524","start_time":"2015-03-31 00:00:00","org_id":"","org_name":"中国移动通信集团江西有限公司","revenue":"28611.86","income":"63581","month":"03","is_channel":"1","detail_report_path":"中国移动通信集团江西有限公司/1503.xls","check_status":"1","buzz_type":"全曲","down_num":"63581","demo_num":"1704292"},{"user_num":"22365","create_time":"1544663917","status":"1","id":"525","start_time":"2015-04-30 00:00:00","org_id":"","org_name":"中国移动通信集团江西有限公司","revenue":"51992.18","income":"115538","month":"04","is_channel":"1","detail_report_path":"中国移动通信集团江西有限公司/1504.xls","check_status":"1","buzz_type":"全曲","down_num":"115538","demo_num":"3096964"},{"user_num":"27068","create_time":"1544663918","status":"1","id":"526","start_time":"2015-05-31 00:00:00","org_id":"","org_name":"中国移动通信集团江西有限公司","revenue":"62502.29","income":"138893","month":"05","is_channel":"1","detail_report_path":"中国移动通信集团江西有限公司/1505.xls","check_status":"1","buzz_type":"全曲","down_num":"138893","demo_num":"3723008"},{"user_num":"26996","create_time":"1544663918","status":"1","id":"527","start_time":"2015-06-30 00:00:00","org_id":"","org_name":"中国移动通信集团江西有限公司","revenue":"62299.23","income":"138442","month":"06","is_channel":"1","detail_report_path":"中国移动通信集团江西有限公司/1506.xls","check_status":"1","buzz_type":"全曲","down_num":"138442","demo_num":"3710913"},{"user_num":"31744","create_time":"1544663918","status":"1","id":"528","start_time":"2015-07-31 00:00:00","org_id":"","org_name":"中国移动通信集团江西有限公司","revenue":"74618.03","income":"165817","month":"07","is_channel":"1","detail_report_path":"中国移动通信集团江西有限公司/1507.xls","check_status":"1","buzz_type":"全曲","down_num":"165817","demo_num":"4444694"},{"user_num":"39245","create_time":"1544663919","status":"1","id":"529","start_time":"2015-08-31 00:00:00","org_id":"","org_name":"中国移动通信集团江西有限公司","revenue":"91366.84","income":"203037","month":"08","is_channel":"1","detail_report_path":"中国移动通信集团江西有限公司/1508.xls","check_status":"1","buzz_type":"全曲","down_num":"203037","demo_num":"5442353"},{"user_num":"73920","create_time":"1544663919","status":"1","id":"530","start_time":"2015-09-30 00:00:00","org_id":"","org_name":"中国移动通信集团江西有限公司","revenue":"171147.98","income":"380328","month":"09","is_channel":"1","detail_report_path":"中国移动通信集团江西有限公司/1509.xls","check_status":"1","buzz_type":"全曲","down_num":"380328","demo_num":"10194593"},{"user_num":"58621","create_time":"1544663920","status":"1","id":"531","start_time":"2015-10-31 00:00:00","org_id":"","org_name":"中国移动通信集团江西有限公司","revenue":"135433.39","income":"300963","month":"10","is_channel":"1","detail_report_path":"中国移动通信集团江西有限公司/1510.xls","check_status":"1","buzz_type":"全曲","down_num":"300963","demo_num":"8067219"},{"user_num":"38543","create_time":"1544663920","status":"1","id":"532","start_time":"2015-11-30 00:00:00","org_id":"","org_name":"中国移动通信集团江西有限公司","revenue":"89815.03","income":"199588","month":"11","is_channel":"1","detail_report_path":"中国移动通信集团江西有限公司/1511.xls","check_status":"1","buzz_type":"全曲","down_num":"199588","demo_num":"5349918"},{"user_num":"55181","create_time":"1544663921","status":"1","id":"533","start_time":"2015-12-31 00:00:00","org_id":"","org_name":"中国移动通信集团江西有限公司","revenue":"127589.71","income":"283532","month":"12","is_channel":"1","detail_report_path":"中国移动通信集团江西有限公司/1512.xls","check_status":"1","buzz_type":"全曲","down_num":"283532","demo_num":"7600003"},{"user_num":"62052","create_time":"1544663921","status":"1","id":"534","start_time":"2016-01-31 00:00:00","org_id":"","org_name":"中国移动通信集团江西有限公司","revenue":"143844.56","income":"319654","month":"01","is_channel":"1","detail_report_path":"中国移动通信集团江西有限公司/1601.xls","check_status":"1","buzz_type":"全曲","down_num":"319654","demo_num":"8568239"},{"user_num":"31242","create_time":"1544663922","status":"1","id":"535","start_time":"2016-02-29 00:00:00","org_id":"","org_name":"中国移动通信集团江西有限公司","revenue":"73658.17","income":"163684","month":"02","is_channel":"1","detail_report_path":"中国移动通信集团江西有限公司/1602.xls","check_status":"1","buzz_type":"全曲","down_num":"163684","demo_num":"4387519"},{"user_num":"32987","create_time":"1544663922","status":"1","id":"536","start_time":"2016-03-31 00:00:00","org_id":"","org_name":"中国移动通信集团江西有限公司","revenue":"77756.34","income":"172791","month":"03","is_channel":"1","detail_report_path":"中国移动通信集团江西有限公司/1603.xls","check_status":"1","buzz_type":"全曲","down_num":"172791","demo_num":"4631631"},{"user_num":"47979","create_time":"1544663923","status":"1","id":"537","start_time":"2016-04-30 00:00:00","org_id":"","org_name":"中国移动通信集团江西有限公司","revenue":"111184.25","income":"247076","month":"04","is_channel":"1","detail_report_path":"中国移动通信集团江西有限公司/1604.xls","check_status":"1","buzz_type":"全曲","down_num":"247076","demo_num":"6622796"},{"user_num":"57401","create_time":"1544663923","status":"1","id":"538","start_time":"2016-05-31 00:00:00","org_id":"","org_name":"中国移动通信集团江西有限公司","revenue":"132543.99","income":"294542","month":"05","is_channel":"1","detail_report_path":"中国移动通信集团江西有限公司/1605.xls","check_status":"1","buzz_type":"全曲","down_num":"294542","demo_num":"7895110"},{"user_num":"47767","create_time":"1544663924","status":"1","id":"539","start_time":"2016-06-30 00:00:00","org_id":"","org_name":"中国移动通信集团江西有限公司","revenue":"110935.25","income":"246522","month":"06","is_channel":"1","detail_report_path":"中国移动通信集团江西有限公司/1606.xls","check_status":"1","buzz_type":"全曲","down_num":"246522","demo_num":"6607964"},{"user_num":"73902","create_time":"1544663924","status":"1","id":"540","start_time":"2016-07-31 00:00:00","org_id":"","org_name":"中国移动通信集团江西有限公司","revenue":"170817.26","income":"379593","month":"07","is_channel":"1","detail_report_path":"中国移动通信集团江西有限公司/1607.xls","check_status":"1","buzz_type":"全曲","down_num":"379593","demo_num":"10174894"},{"user_num":"512","create_time":"1544663925","status":"1","id":"541","start_time":"2012-09-30 00:00:00","org_id":"","org_name":"中国移动通信集团辽宁有限公司","revenue":"1268.27","income":"2818","month":"09","is_channel":"1","detail_report_path":"中国移动通信集团辽宁有限公司/1209.xls","check_status":"1","buzz_type":"全曲","down_num":"2818","demo_num":"75545"},{"user_num":"420","create_time":"1544663925","status":"1","id":"542","start_time":"2012-10-31 00:00:00","org_id":"","org_name":"中国移动通信集团辽宁有限公司","revenue":"1038.21","income":"2307","month":"10","is_channel":"1","detail_report_path":"中国移动通信集团辽宁有限公司/1210.xls","check_status":"1","buzz_type":"全曲","down_num":"2307","demo_num":"61841"},{"user_num":"99","create_time":"1544663925","status":"1","id":"543","start_time":"2012-11-30 00:00:00","org_id":"","org_name":"中国移动通信集团辽宁有限公司","revenue":"586.47","income":"1303","month":"11","is_channel":"1","detail_report_path":"中国移动通信集团辽宁有限公司/1211.xls","check_status":"1","buzz_type":"全曲","down_num":"1303","demo_num":"34933"},{"user_num":"98","create_time":"1544663925","status":"1","id":"544","start_time":"2012-12-31 00:00:00","org_id":"","org_name":"中国移动通信集团辽宁有限公司","revenue":"627.18","income":"1393","month":"12","is_channel":"1","detail_report_path":"中国移动通信集团辽宁有限公司/1212.xls","check_status":"1","buzz_type":"全曲","down_num":"1393","demo_num":"37358"},{"user_num":"50","create_time":"1544663925","status":"1","id":"545","start_time":"2013-01-31 00:00:00","org_id":"","org_name":"中国移动通信集团辽宁有限公司","revenue":"402.2","income":"893","month":"01","is_channel":"1","detail_report_path":"中国移动通信集团辽宁有限公司/1301.xls","check_status":"1","buzz_type":"全曲","down_num":"893","demo_num":"23957"},{"user_num":"36","create_time":"1544663926","status":"1","id":"546","start_time":"2013-02-28 00:00:00","org_id":"","org_name":"中国移动通信集团辽宁有限公司","revenue":"295.37","income":"656","month":"02","is_channel":"1","detail_report_path":"中国移动通信集团辽宁有限公司/1302.xls","check_status":"1","buzz_type":"全曲","down_num":"656","demo_num":"17594"},{"user_num":"31","create_time":"1544663926","status":"1","id":"547","start_time":"2013-03-31 00:00:00","org_id":"","org_name":"中国移动通信集团辽宁有限公司","revenue":"146.22","income":"324","month":"03","is_channel":"1","detail_report_path":"中国移动通信集团辽宁有限公司/1303.xls","check_status":"1","buzz_type":"全曲","down_num":"324","demo_num":"8709"},{"user_num":"149","create_time":"1544663926","status":"1","id":"548","start_time":"2013-07-31 00:00:00","org_id":"","org_name":"中国移动通信集团辽宁有限公司","revenue":"702.66","income":"1561","month":"07","is_channel":"1","detail_report_path":"中国移动通信集团辽宁有限公司/1307.xls","check_status":"1","buzz_type":"全曲","down_num":"1561","demo_num":"41854"},{"user_num":"533","create_time":"1544663926","status":"1","id":"549","start_time":"2013-08-31 00:00:00","org_id":"","org_name":"中国移动通信集团辽宁有限公司","revenue":"1319.2","income":"2931","month":"08","is_channel":"1","detail_report_path":"中国移动通信集团辽宁有限公司/1308.xls","check_status":"1","buzz_type":"全曲","down_num":"2931","demo_num":"78579"},{"user_num":"3482","create_time":"1544663926","status":"1","id":"550","start_time":"2013-09-30 00:00:00","org_id":"","org_name":"中国移动通信集团辽宁有限公司","revenue":"8444.8","income":"18766","month":"09","is_channel":"1","detail_report_path":"中国移动通信集团辽宁有限公司/1309.xls","check_status":"1","buzz_type":"全曲","down_num":"18766","demo_num":"503022"},{"user_num":"6655","create_time":"1544663927","status":"1","id":"551","start_time":"2013-10-31 00:00:00","org_id":"","org_name":"中国移动通信集团辽宁有限公司","revenue":"16020","income":"35600","month":"10","is_channel":"1","detail_report_path":"中国移动通信集团辽宁有限公司/1310.xls","check_status":"1","buzz_type":"全曲","down_num":"35600","demo_num":"954246"},{"user_num":"5534","create_time":"1544663927","status":"1","id":"552","start_time":"2013-11-30 00:00:00","org_id":"","org_name":"中国移动通信集团辽宁有限公司","revenue":"13344.01","income":"29653","month":"11","is_channel":"1","detail_report_path":"中国移动通信集团辽宁有限公司/1311.xls","check_status":"1","buzz_type":"全曲","down_num":"29653","demo_num":"794848"},{"user_num":"3827","create_time":"1544663927","status":"1","id":"553","start_time":"2013-12-31 00:00:00","org_id":"","org_name":"中国移动通信集团辽宁有限公司","revenue":"9298.29","income":"20662","month":"12","is_channel":"1","detail_report_path":"中国移动通信集团辽宁有限公司/1312.xls","check_status":"1","buzz_type":"全曲","down_num":"20662","demo_num":"553861"},{"user_num":"5388","create_time":"1544663927","status":"1","id":"554","start_time":"2014-01-31 00:00:00","org_id":"","org_name":"中国移动通信集团辽宁有限公司","revenue":"12948.77","income":"28775","month":"01","is_channel":"1","detail_report_path":"中国移动通信集团辽宁有限公司/1401.xls","check_status":"1","buzz_type":"全曲","down_num":"28775","demo_num":"771305"},{"user_num":"4813","create_time":"1544663928","status":"1","id":"555","start_time":"2014-02-28 00:00:00","org_id":"","org_name":"中国移动通信集团辽宁有限公司","revenue":"11361.34","income":"25247","month":"02","is_channel":"1","detail_report_path":"中国移动通信集团辽宁有限公司/1402.xls","check_status":"1","buzz_type":"全曲","down_num":"25247","demo_num":"676749"},{"user_num":"3680","create_time":"1544663928","status":"1","id":"556","start_time":"2014-03-31 00:00:00","org_id":"","org_name":"中国移动通信集团辽宁有限公司","revenue":"8886.19","income":"19747","month":"03","is_channel":"1","detail_report_path":"中国移动通信集团辽宁有限公司/1403.xls","check_status":"1","buzz_type":"全曲","down_num":"19747","demo_num":"529314"},{"user_num":"2738","create_time":"1544663928","status":"1","id":"557","start_time":"2014-04-30 00:00:00","org_id":"","org_name":"中国移动通信集团辽宁有限公司","revenue":"6513.47","income":"14474","month":"04","is_channel":"1","detail_report_path":"中国移动通信集团辽宁有限公司/1404.xls","check_status":"1","buzz_type":"全曲","down_num":"14474","demo_num":"387981"},{"user_num":"2325","create_time":"1544663928","status":"1","id":"558","start_time":"2014-05-31 00:00:00","org_id":"","org_name":"中国移动通信集团辽宁有限公司","revenue":"5559.96","income":"12355","month":"05","is_channel":"1","detail_report_path":"中国移动通信集团辽宁有限公司/1405.xls","check_status":"1","buzz_type":"全曲","down_num":"12355","demo_num":"331184"},{"user_num":"2840","create_time":"1544663929","status":"1","id":"559","start_time":"2014-06-30 00:00:00","org_id":"","org_name":"中国移动通信集团辽宁有限公司","revenue":"6885.65","income":"15301","month":"06","is_channel":"1","detail_report_path":"中国移动通信集团辽宁有限公司/1406.xls","check_status":"1","buzz_type":"全曲","down_num":"15301","demo_num":"410150"},{"user_num":"2610","create_time":"1544663929","status":"1","id":"560","start_time":"2014-07-31 00:00:00","org_id":"","org_name":"中国移动通信集团辽宁有限公司","revenue":"6289.84","income":"13977","month":"07","is_channel":"1","detail_report_path":"中国移动通信集团辽宁有限公司/1407.xls","check_status":"1","buzz_type":"全曲","down_num":"13977","demo_num":"374660"},{"user_num":"2700","create_time":"1544663929","status":"1","id":"561","start_time":"2014-08-31 00:00:00","org_id":"","org_name":"中国移动通信集团辽宁有限公司","revenue":"6402.7","income":"14228","month":"08","is_channel":"1","detail_report_path":"中国移动通信集团辽宁有限公司/1408.xls","check_status":"1","buzz_type":"全曲","down_num":"14228","demo_num":"381382"},{"user_num":"2885","create_time":"1544663929","status":"1","id":"562","start_time":"2014-09-30 00:00:00","org_id":"","org_name":"中国移动通信集团辽宁有限公司","revenue":"7068.21","income":"15707","month":"09","is_channel":"1","detail_report_path":"中国移动通信集团辽宁有限公司/1409.xls","check_status":"1","buzz_type":"全曲","down_num":"15707","demo_num":"421024"},{"user_num":"2941","create_time":"1544663930","status":"1","id":"563","start_time":"2014-10-31 00:00:00","org_id":"","org_name":"中国移动通信集团辽宁有限公司","revenue":"7045.31","income":"15656","month":"10","is_channel":"1","detail_report_path":"中国移动通信集团辽宁有限公司/1410.xls","check_status":"1","buzz_type":"全曲","down_num":"15656","demo_num":"419660"},{"user_num":"2497","create_time":"1544663930","status":"1","id":"564","start_time":"2014-11-30 00:00:00","org_id":"","org_name":"中国移动通信集团辽宁有限公司","revenue":"5964.8","income":"13255","month":"11","is_channel":"1","detail_report_path":"中国移动通信集团辽宁有限公司/1411.xls","check_status":"1","buzz_type":"全曲","down_num":"13255","demo_num":"355299"},{"user_num":"2499","create_time":"1544663930","status":"1","id":"565","start_time":"2014-12-31 00:00:00","org_id":"","org_name":"中国移动通信集团辽宁有限公司","revenue":"5909.2","income":"13131","month":"12","is_channel":"1","detail_report_path":"中国移动通信集团辽宁有限公司/1412.xls","check_status":"1","buzz_type":"全曲","down_num":"13131","demo_num":"351987"},{"user_num":"2511","create_time":"1544663930","status":"1","id":"566","start_time":"2015-01-31 00:00:00","org_id":"","org_name":"中国移动通信集团辽宁有限公司","revenue":"5943.08","income":"13206","month":"01","is_channel":"1","detail_report_path":"中国移动通信集团辽宁有限公司/1501.xls","check_status":"1","buzz_type":"全曲","down_num":"13206","demo_num":"354005"},{"user_num":"2252","create_time":"1544663930","status":"1","id":"567","start_time":"2015-02-28 00:00:00","org_id":"","org_name":"中国移动通信集团辽宁有限公司","revenue":"5374.64","income":"11943","month":"02","is_channel":"1","detail_report_path":"中国移动通信集团辽宁有限公司/1502.xls","check_status":"1","buzz_type":"全曲","down_num":"11943","demo_num":"320145"},{"user_num":"2005","create_time":"1544663931","status":"1","id":"568","start_time":"2015-03-31 00:00:00","org_id":"","org_name":"中国移动通信集团辽宁有限公司","revenue":"4815.32","income":"10700","month":"03","is_channel":"1","detail_report_path":"中国移动通信集团辽宁有限公司/1503.xls","check_status":"1","buzz_type":"全曲","down_num":"10700","demo_num":"286829"},{"user_num":"1854","create_time":"1544663931","status":"1","id":"569","start_time":"2015-04-30 00:00:00","org_id":"","org_name":"中国移动通信集团辽宁有限公司","revenue":"4488","income":"9973","month":"04","is_channel":"1","detail_report_path":"中国移动通信集团辽宁有限公司/1504.xls","check_status":"1","buzz_type":"全曲","down_num":"9973","demo_num":"267332"},{"user_num":"1745","create_time":"1544663931","status":"1","id":"570","start_time":"2015-05-31 00:00:00","org_id":"","org_name":"中国移动通信集团辽宁有限公司","revenue":"4161.6","income":"9248","month":"05","is_channel":"1","detail_report_path":"中国移动通信集团辽宁有限公司/1505.xls","check_status":"1","buzz_type":"全曲","down_num":"9248","demo_num":"247889"},{"user_num":"2229","create_time":"1544663931","status":"1","id":"571","start_time":"2015-06-30 00:00:00","org_id":"","org_name":"中国移动通信集团辽宁有限公司","revenue":"5333.76","income":"11852","month":"06","is_channel":"1","detail_report_path":"中国移动通信集团辽宁有限公司/1506.xls","check_status":"1","buzz_type":"全曲","down_num":"11852","demo_num":"317710"},{"user_num":"1849","create_time":"1544663931","status":"1","id":"572","start_time":"2015-07-31 00:00:00","org_id":"","org_name":"中国移动通信集团辽宁有限公司","revenue":"4430.33","income":"9845","month":"07","is_channel":"1","detail_report_path":"中国移动通信集团辽宁有限公司/1507.xls","check_status":"1","buzz_type":"全曲","down_num":"9845","demo_num":"263896"},{"user_num":"1631","create_time":"1544663932","status":"1","id":"573","start_time":"2015-08-31 00:00:00","org_id":"","org_name":"中国移动通信集团辽宁有限公司","revenue":"3865.11","income":"8589","month":"08","is_channel":"1","detail_report_path":"中国移动通信集团辽宁有限公司/1508.xls","check_status":"1","buzz_type":"全曲","down_num":"8589","demo_num":"230228"},{"user_num":"1536","create_time":"1544663932","status":"1","id":"574","start_time":"2015-09-30 00:00:00","org_id":"","org_name":"中国移动通信集团辽宁有限公司","revenue":"3662.34","income":"8138","month":"09","is_channel":"1","detail_report_path":"中国移动通信集团辽宁有限公司/1509.xls","check_status":"1","buzz_type":"全曲","down_num":"8138","demo_num":"218150"},{"user_num":"1397","create_time":"1544663932","status":"1","id":"575","start_time":"2015-10-31 00:00:00","org_id":"","org_name":"中国移动通信集团辽宁有限公司","revenue":"3372.8","income":"7495","month":"10","is_channel":"1","detail_report_path":"中国移动通信集团辽宁有限公司/1510.xls","check_status":"1","buzz_type":"全曲","down_num":"7495","demo_num":"200904"},{"user_num":"1695","create_time":"1544663932","status":"1","id":"576","start_time":"2015-11-30 00:00:00","org_id":"","org_name":"中国移动通信集团辽宁有限公司","revenue":"4114.24","income":"9142","month":"11","is_channel":"1","detail_report_path":"中国移动通信集团辽宁有限公司/1511.xls","check_status":"1","buzz_type":"全曲","down_num":"9142","demo_num":"245068"},{"user_num":"1586","create_time":"1544663932","status":"1","id":"577","start_time":"2015-12-31 00:00:00","org_id":"","org_name":"中国移动通信集团辽宁有限公司","revenue":"3774","income":"8386","month":"12","is_channel":"1","detail_report_path":"中国移动通信集团辽宁有限公司/1512.xls","check_status":"1","buzz_type":"全曲","down_num":"8386","demo_num":"224801"},{"user_num":"1528","create_time":"1544663933","status":"1","id":"578","start_time":"2016-01-31 00:00:00","org_id":"","org_name":"中国移动通信集团辽宁有限公司","revenue":"3584.04","income":"7964","month":"01","is_channel":"1","detail_report_path":"中国移动通信集团辽宁有限公司/1601.xls","check_status":"1","buzz_type":"全曲","down_num":"7964","demo_num":"213486"},{"user_num":"1365","create_time":"1544663933","status":"1","id":"579","start_time":"2016-02-29 00:00:00","org_id":"","org_name":"中国移动通信集团辽宁有限公司","revenue":"3268.55","income":"7263","month":"02","is_channel":"1","detail_report_path":"中国移动通信集团辽宁有限公司/1602.xls","check_status":"1","buzz_type":"全曲","down_num":"7263","demo_num":"194694"},{"user_num":"1228","create_time":"1544663933","status":"1","id":"580","start_time":"2016-03-31 00:00:00","org_id":"","org_name":"中国移动通信集团辽宁有限公司","revenue":"2945.02","income":"6544","month":"03","is_channel":"1","detail_report_path":"中国移动通信集团辽宁有限公司/1603.xls","check_status":"1","buzz_type":"全曲","down_num":"6544","demo_num":"175422"},{"user_num":"1140","create_time":"1544663933","status":"1","id":"581","start_time":"2016-04-30 00:00:00","org_id":"","org_name":"中国移动通信集团辽宁有限公司","revenue":"2740.06","income":"6089","month":"04","is_channel":"1","detail_report_path":"中国移动通信集团辽宁有限公司/1604.xls","check_status":"1","buzz_type":"全曲","down_num":"6089","demo_num":"163214"},{"user_num":"1065","create_time":"1544663934","status":"1","id":"582","start_time":"2016-05-31 00:00:00","org_id":"","org_name":"中国移动通信集团辽宁有限公司","revenue":"2536.4","income":"5636","month":"05","is_channel":"1","detail_report_path":"中国移动通信集团辽宁有限公司/1605.xls","check_status":"1","buzz_type":"全曲","down_num":"5636","demo_num":"151083"},{"user_num":"1038","create_time":"1544663934","status":"1","id":"583","start_time":"2016-06-30 00:00:00","org_id":"","org_name":"中国移动通信集团辽宁有限公司","revenue":"2495.6","income":"5545","month":"06","is_channel":"1","detail_report_path":"中国移动通信集团辽宁有限公司/1606.xls","check_status":"1","buzz_type":"全曲","down_num":"5545","demo_num":"148652"},{"user_num":"981","create_time":"1544663934","status":"1","id":"584","start_time":"2016-07-31 00:00:00","org_id":"","org_name":"中国移动通信集团辽宁有限公司","revenue":"2318.8","income":"5152","month":"07","is_channel":"1","detail_report_path":"中国移动通信集团辽宁有限公司/1607.xls","check_status":"1","buzz_type":"全曲","down_num":"5152","demo_num":"138121"},{"user_num":"861","create_time":"1544663934","status":"1","id":"585","start_time":"2013-01-31 00:00:00","org_id":"","org_name":"中国移动通信集团宁夏有限公司","revenue":"2074","income":"4608","month":"01","is_channel":"1","detail_report_path":"中国移动通信集团宁夏有限公司/1301.xls","check_status":"1","buzz_type":"全曲","down_num":"4608","demo_num":"123539"},{"user_num":"970","create_time":"1544663934","status":"1","id":"586","start_time":"2013-02-28 00:00:00","org_id":"","org_name":"中国移动通信集团宁夏有限公司","revenue":"2344.3","income":"5209","month":"02","is_channel":"1","detail_report_path":"中国移动通信集团宁夏有限公司/1302.xls","check_status":"1","buzz_type":"全曲","down_num":"5209","demo_num":"139640"},{"user_num":"2631","create_time":"1544663934","status":"1","id":"587","start_time":"2013-03-31 00:00:00","org_id":"","org_name":"中国移动通信集团宁夏有限公司","revenue":"6289.15","income":"13975","month":"03","is_channel":"1","detail_report_path":"中国移动通信集团宁夏有限公司/1303.xls","check_status":"1","buzz_type":"全曲","down_num":"13975","demo_num":"374619"},{"user_num":"4418","create_time":"1544663935","status":"1","id":"588","start_time":"2013-04-30 00:00:00","org_id":"","org_name":"中国移动通信集团宁夏有限公司","revenue":"10551.9","income":"23448","month":"04","is_channel":"1","detail_report_path":"中国移动通信集团宁夏有限公司/1304.xls","check_status":"1","buzz_type":"全曲","down_num":"23448","demo_num":"628534"},{"user_num":"643","create_time":"1544663935","status":"1","id":"589","start_time":"2013-05-31 00:00:00","org_id":"","org_name":"中国移动通信集团宁夏有限公司","revenue":"1538.5","income":"3418","month":"05","is_channel":"1","detail_report_path":"中国移动通信集团宁夏有限公司/1305.xls","check_status":"1","buzz_type":"全曲","down_num":"3418","demo_num":"91642"},{"user_num":"719","create_time":"1544663935","status":"1","id":"590","start_time":"2013-06-30 00:00:00","org_id":"","org_name":"中国移动通信集团宁夏有限公司","revenue":"1740.8","income":"3868","month":"06","is_channel":"1","detail_report_path":"中国移动通信集团宁夏有限公司/1306.xls","check_status":"1","buzz_type":"全曲","down_num":"3868","demo_num":"103692"},{"user_num":"770","create_time":"1544663935","status":"1","id":"591","start_time":"2013-07-31 00:00:00","org_id":"","org_name":"中国移动通信集团宁夏有限公司","revenue":"1863.2","income":"4140","month":"07","is_channel":"1","detail_report_path":"中国移动通信集团宁夏有限公司/1307.xls","check_status":"1","buzz_type":"全曲","down_num":"4140","demo_num":"110983"},{"user_num":"804","create_time":"1544663935","status":"1","id":"592","start_time":"2013-08-31 00:00:00","org_id":"","org_name":"中国移动通信集团宁夏有限公司","revenue":"1934.6","income":"4299","month":"08","is_channel":"1","detail_report_path":"中国移动通信集团宁夏有限公司/1308.xls","check_status":"1","buzz_type":"全曲","down_num":"4299","demo_num":"115236"},{"user_num":"824","create_time":"1544663936","status":"1","id":"593","start_time":"2013-09-30 00:00:00","org_id":"","org_name":"中国移动通信集团宁夏有限公司","revenue":"2040.85","income":"4535","month":"09","is_channel":"1","detail_report_path":"中国移动通信集团宁夏有限公司/1309.xls","check_status":"1","buzz_type":"全曲","down_num":"4535","demo_num":"121565"},{"user_num":"608","create_time":"1544663936","status":"1","id":"594","start_time":"2013-10-31 00:00:00","org_id":"","org_name":"中国移动通信集团宁夏有限公司","revenue":"1461.55","income":"3247","month":"10","is_channel":"1","detail_report_path":"中国移动通信集团宁夏有限公司/1310.xls","check_status":"1","buzz_type":"全曲","down_num":"3247","demo_num":"87058"},{"user_num":"468","create_time":"1544663936","status":"1","id":"595","start_time":"2013-11-30 00:00:00","org_id":"","org_name":"中国移动通信集团宁夏有限公司","revenue":"1172.55","income":"2605","month":"11","is_channel":"1","detail_report_path":"中国移动通信集团宁夏有限公司/1311.xls","check_status":"1","buzz_type":"全曲","down_num":"2605","demo_num":"69844"},{"user_num":"715","create_time":"1544663936","status":"1","id":"596","start_time":"2013-12-31 00:00:00","org_id":"","org_name":"中国移动通信集团宁夏有限公司","revenue":"1706.35","income":"3791","month":"12","is_channel":"1","detail_report_path":"中国移动通信集团宁夏有限公司/1312.xls","check_status":"1","buzz_type":"全曲","down_num":"3791","demo_num":"101640"},{"user_num":"44","create_time":"1544663936","status":"1","id":"597","start_time":"2014-01-31 00:00:00","org_id":"","org_name":"中国移动通信集团宁夏有限公司","revenue":"356.15","income":"791","month":"01","is_channel":"1","detail_report_path":"中国移动通信集团宁夏有限公司/1401.xls","check_status":"1","buzz_type":"全曲","down_num":"791","demo_num":"21214"},{"user_num":"47","create_time":"1544663936","status":"1","id":"598","start_time":"2014-02-28 00:00:00","org_id":"","org_name":"中国移动通信集团宁夏有限公司","revenue":"502.35","income":"1116","month":"02","is_channel":"1","detail_report_path":"中国移动通信集团宁夏有限公司/1402.xls","check_status":"1","buzz_type":"全曲","down_num":"1116","demo_num":"29922"},{"user_num":"270","create_time":"1544663937","status":"1","id":"599","start_time":"2014-03-31 00:00:00","org_id":"","org_name":"中国移动通信集团宁夏有限公司","revenue":"825.35","income":"1834","month":"03","is_channel":"1","detail_report_path":"中国移动通信集团宁夏有限公司/1403.xls","check_status":"1","buzz_type":"全曲","down_num":"1834","demo_num":"49162"},{"user_num":"219","create_time":"1544663937","status":"1","id":"600","start_time":"2014-04-30 00:00:00","org_id":"","org_name":"中国移动通信集团宁夏有限公司","revenue":"752.25","income":"1671","month":"04","is_channel":"1","detail_report_path":"中国移动通信集团宁夏有限公司/1404.xls","check_status":"1","buzz_type":"全曲","down_num":"1671","demo_num":"44808"},{"user_num":"716","create_time":"1544663937","status":"1","id":"601","start_time":"2014-05-31 00:00:00","org_id":"","org_name":"中国移动通信集团宁夏有限公司","revenue":"1744.6","income":"3876","month":"05","is_channel":"1","detail_report_path":"中国移动通信集团宁夏有限公司/1405.xls","check_status":"1","buzz_type":"全曲","down_num":"3876","demo_num":"103918"},{"user_num":"436","create_time":"1544663937","status":"1","id":"602","start_time":"2014-06-30 00:00:00","org_id":"","org_name":"中国移动通信集团宁夏有限公司","revenue":"1088.01","income":"2417","month":"06","is_channel":"1","detail_report_path":"中国移动通信集团宁夏有限公司/1406.xls","check_status":"1","buzz_type":"全曲","down_num":"2417","demo_num":"64808"},{"user_num":"1483","create_time":"1544663937","status":"1","id":"603","start_time":"2014-07-31 00:00:00","org_id":"","org_name":"中国移动通信集团宁夏有限公司","revenue":"3468","income":"7706","month":"07","is_channel":"1","detail_report_path":"中国移动通信集团宁夏有限公司/1407.xls","check_status":"1","buzz_type":"全曲","down_num":"7706","demo_num":"206574"},{"user_num":"2743","create_time":"1544663937","status":"1","id":"604","start_time":"2014-08-31 00:00:00","org_id":"","org_name":"中国移动通信集团宁夏有限公司","revenue":"6549.25","income":"14553","month":"08","is_channel":"1","detail_report_path":"中国移动通信集团宁夏有限公司/1408.xls","check_status":"1","buzz_type":"全曲","down_num":"14553","demo_num":"390112"},{"user_num":"5775","create_time":"1544663938","status":"1","id":"605","start_time":"2014-09-30 00:00:00","org_id":"","org_name":"中国移动通信集团宁夏有限公司","revenue":"13968.91","income":"31042","month":"09","is_channel":"1","detail_report_path":"中国移动通信集团宁夏有限公司/1409.xls","check_status":"1","buzz_type":"全曲","down_num":"31042","demo_num":"832071"},{"user_num":"13544","create_time":"1544663938","status":"1","id":"606","start_time":"2014-10-31 00:00:00","org_id":"","org_name":"中国移动通信集团宁夏有限公司","revenue":"32274.51","income":"71721","month":"10","is_channel":"1","detail_report_path":"中国移动通信集团宁夏有限公司/1410.xls","check_status":"1","buzz_type":"全曲","down_num":"71721","demo_num":"1922462"},{"user_num":"10106","create_time":"1544663938","status":"1","id":"607","start_time":"2014-11-30 00:00:00","org_id":"","org_name":"中国移动通信集团宁夏有限公司","revenue":"23779.6","income":"52843","month":"11","is_channel":"1","detail_report_path":"中国移动通信集团宁夏有限公司/1411.xls","check_status":"1","buzz_type":"全曲","down_num":"52843","demo_num":"1416454"},{"user_num":"7849","create_time":"1544663939","status":"1","id":"608","start_time":"2014-12-31 00:00:00","org_id":"","org_name":"中国移动通信集团宁夏有限公司","revenue":"18831.75","income":"41848","month":"12","is_channel":"1","detail_report_path":"中国移动通信集团宁夏有限公司/1412.xls","check_status":"1","buzz_type":"全曲","down_num":"41848","demo_num":"1121731"},{"user_num":"8859","create_time":"1544663939","status":"1","id":"609","start_time":"2015-01-31 00:00:00","org_id":"","org_name":"中国移动通信集团宁夏有限公司","revenue":"20961.85","income":"46581","month":"01","is_channel":"1","detail_report_path":"中国移动通信集团宁夏有限公司/1501.xls","check_status":"1","buzz_type":"全曲","down_num":"46581","demo_num":"1248612"},{"user_num":"7607","create_time":"1544663939","status":"1","id":"610","start_time":"2015-02-28 00:00:00","org_id":"","org_name":"中国移动通信集团宁夏有限公司","revenue":"18235.93","income":"40524","month":"02","is_channel":"1","detail_report_path":"中国移动通信集团宁夏有限公司/1502.xls","check_status":"1","buzz_type":"全曲","down_num":"40524","demo_num":"1086240"},{"user_num":"6738","create_time":"1544663939","status":"1","id":"611","start_time":"2015-03-31 00:00:00","org_id":"","org_name":"中国移动通信集团宁夏有限公司","revenue":"16359.1","income":"36353","month":"03","is_channel":"1","detail_report_path":"中国移动通信集团宁夏有限公司/1503.xls","check_status":"1","buzz_type":"全曲","down_num":"36353","demo_num":"974445"},{"user_num":"5880","create_time":"1544663940","status":"1","id":"612","start_time":"2015-04-30 00:00:00","org_id":"","org_name":"中国移动通信集团宁夏有限公司","revenue":"14224.75","income":"31610","month":"04","is_channel":"1","detail_report_path":"中国移动通信集团宁夏有限公司/1504.xls","check_status":"1","buzz_type":"全曲","down_num":"31610","demo_num":"847310"},{"user_num":"5735","create_time":"1544663940","status":"1","id":"613","start_time":"2015-05-31 00:00:00","org_id":"","org_name":"中国移动通信集团宁夏有限公司","revenue":"13896.67","income":"30881","month":"05","is_channel":"1","detail_report_path":"中国移动通信集团宁夏有限公司/1505.xls","check_status":"1","buzz_type":"全曲","down_num":"30881","demo_num":"827768"},{"user_num":"6148","create_time":"1544663940","status":"1","id":"614","start_time":"2015-06-30 00:00:00","org_id":"","org_name":"中国移动通信集团宁夏有限公司","revenue":"14836.75","income":"32970","month":"06","is_channel":"1","detail_report_path":"中国移动通信集团宁夏有限公司/1506.xls","check_status":"1","buzz_type":"全曲","down_num":"32970","demo_num":"883765"},{"user_num":"5820","create_time":"1544663940","status":"1","id":"615","start_time":"2015-07-31 00:00:00","org_id":"","org_name":"中国移动通信集团宁夏有限公司","revenue":"13894.95","income":"30877","month":"07","is_channel":"1","detail_report_path":"中国移动通信集团宁夏有限公司/1507.xls","check_status":"1","buzz_type":"全曲","down_num":"30877","demo_num":"827666"},{"user_num":"4868","create_time":"1544663941","status":"1","id":"616","start_time":"2015-08-31 00:00:00","org_id":"","org_name":"中国移动通信集团宁夏有限公司","revenue":"11814.15","income":"26253","month":"08","is_channel":"1","detail_report_path":"中国移动通信集团宁夏有限公司/1508.xls","check_status":"1","buzz_type":"全曲","down_num":"26253","demo_num":"703721"},{"user_num":"4745","create_time":"1544663941","status":"1","id":"617","start_time":"2015-09-30 00:00:00","org_id":"","org_name":"中国移动通信集团宁夏有限公司","revenue":"11344.96","income":"25211","month":"09","is_channel":"1","detail_report_path":"中国移动通信集团宁夏有限公司/1509.xls","check_status":"1","buzz_type":"全曲","down_num":"25211","demo_num":"675773"},{"user_num":"4406","create_time":"1544663941","status":"1","id":"618","start_time":"2015-10-31 00:00:00","org_id":"","org_name":"中国移动通信集团宁夏有限公司","revenue":"10672.6","income":"23716","month":"10","is_channel":"1","detail_report_path":"中国移动通信集团宁夏有限公司/1510.xls","check_status":"1","buzz_type":"全曲","down_num":"23716","demo_num":"635723"},{"user_num":"10337","create_time":"1544663942","status":"1","id":"619","start_time":"2015-11-30 00:00:00","org_id":"","org_name":"中国移动通信集团宁夏有限公司","revenue":"24474.9","income":"54388","month":"11","is_channel":"1","detail_report_path":"中国移动通信集团宁夏有限公司/1511.xls","check_status":"1","buzz_type":"全曲","down_num":"54388","demo_num":"1457870"},{"user_num":"15129","create_time":"1544663942","status":"1","id":"620","start_time":"2015-12-31 00:00:00","org_id":"","org_name":"中国移动通信集团宁夏有限公司","revenue":"35758.64","income":"79463","month":"12","is_channel":"1","detail_report_path":"中国移动通信集团宁夏有限公司/1512.xls","check_status":"1","buzz_type":"全曲","down_num":"79463","demo_num":"2129997"},{"user_num":"12356","create_time":"1544663942","status":"1","id":"621","start_time":"2016-01-31 00:00:00","org_id":"","org_name":"中国移动通信集团宁夏有限公司","revenue":"29390.46","income":"65312","month":"01","is_channel":"1","detail_report_path":"中国移动通信集团宁夏有限公司/1601.xls","check_status":"1","buzz_type":"全曲","down_num":"65312","demo_num":"1750670"},{"user_num":"14360","create_time":"1544663943","status":"1","id":"622","start_time":"2016-02-29 00:00:00","org_id":"","org_name":"中国移动通信集团宁夏有限公司","revenue":"33729.7","income":"74954","month":"02","is_channel":"1","detail_report_path":"中国移动通信集团宁夏有限公司/1602.xls","check_status":"1","buzz_type":"全曲","down_num":"74954","demo_num":"2009141"},{"user_num":"3897","create_time":"1544663943","status":"1","id":"623","start_time":"2016-03-31 00:00:00","org_id":"","org_name":"中国移动通信集团宁夏有限公司","revenue":"9375.51","income":"20834","month":"03","is_channel":"1","detail_report_path":"中国移动通信集团宁夏有限公司/1603.xls","check_status":"1","buzz_type":"全曲","down_num":"20834","demo_num":"558461"},{"user_num":"3511","create_time":"1544663943","status":"1","id":"624","start_time":"2016-04-30 00:00:00","org_id":"","org_name":"中国移动通信集团宁夏有限公司","revenue":"8599.46","income":"19109","month":"04","is_channel":"1","detail_report_path":"中国移动通信集团宁夏有限公司/1604.xls","check_status":"1","buzz_type":"全曲","down_num":"19109","demo_num":"512235"},{"user_num":"3650","create_time":"1544663943","status":"1","id":"625","start_time":"2016-05-31 00:00:00","org_id":"","org_name":"中国移动通信集团宁夏有限公司","revenue":"8989.6","income":"19976","month":"05","is_channel":"1","detail_report_path":"中国移动通信集团宁夏有限公司/1605.xls","check_status":"1","buzz_type":"全曲","down_num":"19976","demo_num":"535474"},{"user_num":"3134","create_time":"1544663944","status":"1","id":"626","start_time":"2016-06-30 00:00:00","org_id":"","org_name":"中国移动通信集团宁夏有限公司","revenue":"7674.66","income":"17054","month":"06","is_channel":"1","detail_report_path":"中国移动通信集团宁夏有限公司/1606.xls","check_status":"1","buzz_type":"全曲","down_num":"17054","demo_num":"457148"},{"user_num":"4220","create_time":"1544663944","status":"1","id":"627","start_time":"2016-07-31 00:00:00","org_id":"","org_name":"中国移动通信集团宁夏有限公司","revenue":"10198.32","income":"22662","month":"07","is_channel":"1","detail_report_path":"中国移动通信集团宁夏有限公司/1607.xls","check_status":"1","buzz_type":"全曲","down_num":"22662","demo_num":"607472"},{"user_num":"77826","create_time":"1544663944","status":"1","id":"628","start_time":"2012-11-30 00:00:00","org_id":"","org_name":"中国移动通信集团四川有限公司","revenue":"179306.98","income":"398459","month":"11","is_channel":"1","detail_report_path":"中国移动通信集团四川有限公司/1211.xls","check_status":"1","buzz_type":"全曲","down_num":"398459","demo_num":"10680592"},{"user_num":"79820","create_time":"1544663945","status":"1","id":"629","start_time":"2012-12-31 00:00:00","org_id":"","org_name":"中国移动通信集团四川有限公司","revenue":"184775.78","income":"410612","month":"12","is_channel":"1","detail_report_path":"中国移动通信集团四川有限公司/1212.xls","check_status":"1","buzz_type":"全曲","down_num":"410612","demo_num":"11006346"},{"user_num":"122026","create_time":"1544663946","status":"1","id":"630","start_time":"2013-01-31 00:00:00","org_id":"","org_name":"中国移动通信集团四川有限公司","revenue":"283097.57","income":"629105","month":"01","is_channel":"1","detail_report_path":"中国移动通信集团四川有限公司/1301.xls","check_status":"1","buzz_type":"全曲","down_num":"629105","demo_num":"16862978"},{"user_num":"65521","create_time":"1544663946","status":"1","id":"631","start_time":"2013-02-28 00:00:00","org_id":"","org_name":"中国移动通信集团四川有限公司","revenue":"152437.15","income":"338749","month":"02","is_channel":"1","detail_report_path":"中国移动通信集团四川有限公司/1302.xls","check_status":"1","buzz_type":"全曲","down_num":"338749","demo_num":"9080065"},{"user_num":"114986","create_time":"1544663947","status":"1","id":"632","start_time":"2013-03-31 00:00:00","org_id":"","org_name":"中国移动通信集团四川有限公司","revenue":"265357.21","income":"589682","month":"03","is_channel":"1","detail_report_path":"中国移动通信集团四川有限公司/1303.xls","check_status":"1","buzz_type":"全曲","down_num":"589682","demo_num":"15806256"},{"user_num":"61571","create_time":"1544663948","status":"1","id":"633","start_time":"2013-04-30 00:00:00","org_id":"","org_name":"中国移动通信集团四川有限公司","revenue":"142884.65","income":"317521","month":"04","is_channel":"1","detail_report_path":"中国移动通信集团四川有限公司/1304.xls","check_status":"1","buzz_type":"全曲","down_num":"317521","demo_num":"8511061"},{"user_num":"207085","create_time":"1544663948","status":"1","id":"634","start_time":"2013-05-31 00:00:00","org_id":"","org_name":"中国移动通信集团四川有限公司","revenue":"475058.33","income":"1055685","month":"05","is_channel":"1","detail_report_path":"中国移动通信集团四川有限公司/1305.xls","check_status":"1","buzz_type":"全曲","down_num":"1055685","demo_num":"28297305"},{"user_num":"110983","create_time":"1544663949","status":"1","id":"635","start_time":"2013-06-30 00:00:00","org_id":"","org_name":"中国移动通信集团四川有限公司","revenue":"255800.64","income":"568445","month":"06","is_channel":"1","detail_report_path":"中国移动通信集团四川有限公司/1306.xls","check_status":"1","buzz_type":"全曲","down_num":"568445","demo_num":"15237010"},{"user_num":"105154","create_time":"1544663950","status":"1","id":"636","start_time":"2013-07-31 00:00:00","org_id":"","org_name":"中国移动通信集团四川有限公司","revenue":"242999.4","income":"539998","month":"07","is_channel":"1","detail_report_path":"中国移动通信集团四川有限公司/1307.xls","check_status":"1","buzz_type":"全曲","down_num":"539998","demo_num":"14474492"},{"user_num":"56742","create_time":"1544663950","status":"1","id":"637","start_time":"2013-08-31 00:00:00","org_id":"","org_name":"中国移动通信集团四川有限公司","revenue":"130845.83","income":"290768","month":"08","is_channel":"1","detail_report_path":"中国移动通信集团四川有限公司/1308.xls","check_status":"1","buzz_type":"全曲","down_num":"290768","demo_num":"7793957"},{"user_num":"247879","create_time":"1544663951","status":"1","id":"638","start_time":"2013-09-30 00:00:00","org_id":"","org_name":"中国移动通信集团四川有限公司","revenue":"565230.73","income":"1256068","month":"09","is_channel":"1","detail_report_path":"中国移动通信集团四川有限公司/1309.xls","check_status":"1","buzz_type":"全曲","down_num":"1256068","demo_num":"33668510"},{"user_num":"131162","create_time":"1544663952","status":"1","id":"639","start_time":"2013-10-31 00:00:00","org_id":"","org_name":"中国移动通信集团四川有限公司","revenue":"304355.01","income":"676344","month":"10","is_channel":"1","detail_report_path":"中国移动通信集团四川有限公司/1310.xls","check_status":"1","buzz_type":"全曲","down_num":"676344","demo_num":"18129198"},{"user_num":"149097","create_time":"1544663953","status":"1","id":"640","start_time":"2013-11-30 00:00:00","org_id":"","org_name":"中国移动通信集团四川有限公司","revenue":"344491.44","income":"765536","month":"11","is_channel":"1","detail_report_path":"中国移动通信集团四川有限公司/1311.xls","check_status":"1","buzz_type":"全曲","down_num":"765536","demo_num":"20519963"},{"user_num":"79816","create_time":"1544663954","status":"1","id":"641","start_time":"2013-12-31 00:00:00","org_id":"","org_name":"中国移动通信集团四川有限公司","revenue":"185495.4","income":"412211","month":"12","is_channel":"1","detail_report_path":"中国移动通信集团四川有限公司/1312.xls","check_status":"1","buzz_type":"全曲","down_num":"412211","demo_num":"11049211"},{"user_num":"144355","create_time":"1544663954","status":"1","id":"642","start_time":"2014-01-31 00:00:00","org_id":"","org_name":"中国移动通信集团四川有限公司","revenue":"335295.18","income":"745100","month":"01","is_channel":"1","detail_report_path":"中国移动通信集团四川有限公司/1401.xls","check_status":"1","buzz_type":"全曲","down_num":"745100","demo_num":"19972178"},{"user_num":"78165","create_time":"1544663955","status":"1","id":"643","start_time":"2014-02-28 00:00:00","org_id":"","org_name":"中国移动通信集团四川有限公司","revenue":"180543.56","income":"401207","month":"02","is_channel":"1","detail_report_path":"中国移动通信集团四川有限公司/1402.xls","check_status":"1","buzz_type":"全曲","down_num":"401207","demo_num":"10754250"},{"user_num":"124050","create_time":"1544663956","status":"1","id":"644","start_time":"2014-03-31 00:00:00","org_id":"","org_name":"中国移动通信集团四川有限公司","revenue":"288618.52","income":"641374","month":"03","is_channel":"1","detail_report_path":"中国移动通信集团四川有限公司/1403.xls","check_status":"1","buzz_type":"全曲","down_num":"641374","demo_num":"17191839"},{"user_num":"67017","create_time":"1544663957","status":"1","id":"645","start_time":"2014-04-30 00:00:00","org_id":"","org_name":"中国移动通信集团四川有限公司","revenue":"155409.97","income":"345355","month":"04","is_channel":"1","detail_report_path":"中国移动通信集团四川有限公司/1404.xls","check_status":"1","buzz_type":"全曲","down_num":"345355","demo_num":"9257144"},{"user_num":"204026","create_time":"1544663958","status":"1","id":"646","start_time":"2014-05-31 00:00:00","org_id":"","org_name":"中国移动通信集团四川有限公司","revenue":"468512.72","income":"1041139","month":"05","is_channel":"1","detail_report_path":"中国移动通信集团四川有限公司/1405.xls","check_status":"1","buzz_type":"全曲","down_num":"1041139","demo_num":"27907409"},{"user_num":"109183","create_time":"1544663958","status":"1","id":"647","start_time":"2014-06-30 00:00:00","org_id":"","org_name":"中国移动通信集团四川有限公司","revenue":"252276.07","income":"560613","month":"06","is_channel":"1","detail_report_path":"中国移动通信集团四川有限公司/1406.xls","check_status":"1","buzz_type":"全曲","down_num":"560613","demo_num":"15027066"},{"user_num":"184901","create_time":"1544663959","status":"1","id":"648","start_time":"2014-07-31 00:00:00","org_id":"","org_name":"中国移动通信集团四川有限公司","revenue":"425170.15","income":"944822","month":"07","is_channel":"1","detail_report_path":"中国移动通信集团四川有限公司/1407.xls","check_status":"1","buzz_type":"全曲","down_num":"944822","demo_num":"25325668"},{"user_num":"98663","create_time":"1544663960","status":"1","id":"649","start_time":"2014-08-31 00:00:00","org_id":"","org_name":"中国移动通信集团四川有限公司","revenue":"228937.77","income":"508750","month":"08","is_channel":"1","detail_report_path":"中国移动通信集团四川有限公司/1408.xls","check_status":"1","buzz_type":"全曲","down_num":"508750","demo_num":"13636898"},{"user_num":"120345","create_time":"1544663961","status":"1","id":"650","start_time":"2014-09-30 00:00:00","org_id":"","org_name":"中国移动通信集团四川有限公司","revenue":"278845.25","income":"619656","month":"09","is_channel":"1","detail_report_path":"中国移动通信集团四川有限公司/1409.xls","check_status":"1","buzz_type":"全曲","down_num":"619656","demo_num":"16609685"},{"user_num":"64527","create_time":"1544663961","status":"1","id":"651","start_time":"2014-10-31 00:00:00","org_id":"","org_name":"中国移动通信集团四川有限公司","revenue":"150147.44","income":"333660","month":"10","is_channel":"1","detail_report_path":"中国移动通信集团四川有限公司/1410.xls","check_status":"1","buzz_type":"全曲","down_num":"333660","demo_num":"8943676"},{"user_num":"123689","create_time":"1544663962","status":"1","id":"652","start_time":"2014-11-30 00:00:00","org_id":"","org_name":"中国移动通信集团四川有限公司","revenue":"287248.68","income":"638330","month":"11","is_channel":"1","detail_report_path":"中国移动通信集团四川有限公司/1411.xls","check_status":"1","buzz_type":"全曲","down_num":"638330","demo_num":"17110243"},{"user_num":"66602","create_time":"1544663963","status":"1","id":"653","start_time":"2014-12-31 00:00:00","org_id":"","org_name":"中国移动通信集团四川有限公司","revenue":"154672.37","income":"343716","month":"12","is_channel":"1","detail_report_path":"中国移动通信集团四川有限公司/1412.xls","check_status":"1","buzz_type":"全曲","down_num":"343716","demo_num":"9213207"},{"user_num":"11008","create_time":"1544663963","status":"1","id":"654","start_time":"2012-10-31 00:00:00","org_id":"","org_name":"中国移动通信集团天津有限公司","revenue":"25786.45","income":"57303","month":"10","is_channel":"1","detail_report_path":"中国移动通信集团天津有限公司/1210.xls","check_status":"1","buzz_type":"全曲","down_num":"57303","demo_num":"1535994"},{"user_num":"43829","create_time":"1544663964","status":"1","id":"655","start_time":"2012-11-30 00:00:00","org_id":"","org_name":"中国移动通信集团天津有限公司","revenue":"101491.7","income":"225537","month":"11","is_channel":"1","detail_report_path":"中国移动通信集团天津有限公司/1211.xls","check_status":"1","buzz_type":"全曲","down_num":"225537","demo_num":"6045450"},{"user_num":"5484","create_time":"1544663964","status":"1","id":"656","start_time":"2012-12-31 00:00:00","org_id":"","org_name":"中国移动通信集团天津有限公司","revenue":"13022.85","income":"28939","month":"12","is_channel":"1","detail_report_path":"中国移动通信集团天津有限公司/1212.xls","check_status":"1","buzz_type":"全曲","down_num":"28939","demo_num":"775718"},{"user_num":"839","create_time":"1544663964","status":"1","id":"657","start_time":"2013-01-31 00:00:00","org_id":"","org_name":"中国移动通信集团天津有限公司","revenue":"2005.66","income":"4457","month":"01","is_channel":"1","detail_report_path":"中国移动通信集团天津有限公司/1301.xls","check_status":"1","buzz_type":"全曲","down_num":"4457","demo_num":"119469"},{"user_num":"16112","create_time":"1544663964","status":"1","id":"658","start_time":"2013-02-28 00:00:00","org_id":"","org_name":"中国移动通信集团天津有限公司","revenue":"37666.05","income":"83702","month":"02","is_channel":"1","detail_report_path":"中国移动通信集团天津有限公司/1302.xls","check_status":"1","buzz_type":"全曲","down_num":"83702","demo_num":"2243614"},{"user_num":"853","create_time":"1544663965","status":"1","id":"659","start_time":"2013-03-31 00:00:00","org_id":"","org_name":"中国移动通信集团天津有限公司","revenue":"2021.81","income":"4492","month":"03","is_channel":"1","detail_report_path":"中国移动通信集团天津有限公司/1303.xls","check_status":"1","buzz_type":"全曲","down_num":"4492","demo_num":"120431"},{"user_num":"16210","create_time":"1544663965","status":"1","id":"660","start_time":"2013-04-30 00:00:00","org_id":"","org_name":"中国移动通信集团天津有限公司","revenue":"38131","income":"84735","month":"04","is_channel":"1","detail_report_path":"中国移动通信集团天津有限公司/1304.xls","check_status":"1","buzz_type":"全曲","down_num":"84735","demo_num":"2271309"},{"user_num":"21914","create_time":"1544663965","status":"1","id":"661","start_time":"2013-05-31 00:00:00","org_id":"","org_name":"中国移动通信集团天津有限公司","revenue":"50917.91","income":"113150","month":"05","is_channel":"1","detail_report_path":"中国移动通信集团天津有限公司/1305.xls","check_status":"1","buzz_type":"全曲","down_num":"113150","demo_num":"3032974"},{"user_num":"22932","create_time":"1544663966","status":"1","id":"662","start_time":"2013-06-30 00:00:00","org_id":"","org_name":"中国移动通信集团天津有限公司","revenue":"53037.7","income":"117861","month":"06","is_channel":"1","detail_report_path":"中国移动通信集团天津有限公司/1306.xls","check_status":"1","buzz_type":"全曲","down_num":"117861","demo_num":"3159241"},{"user_num":"27582","create_time":"1544663966","status":"1","id":"663","start_time":"2013-07-31 00:00:00","org_id":"","org_name":"中国移动通信集团天津有限公司","revenue":"64007.38","income":"142238","month":"07","is_channel":"1","detail_report_path":"中国移动通信集团天津有限公司/1307.xls","check_status":"1","buzz_type":"全曲","down_num":"142238","demo_num":"3812661"},{"user_num":"20118","create_time":"1544663966","status":"1","id":"664","start_time":"2013-08-31 00:00:00","org_id":"","org_name":"中国移动通信集团天津有限公司","revenue":"46677.92","income":"103728","month":"08","is_channel":"1","detail_report_path":"中国移动通信集团天津有限公司/1308.xls","check_status":"1","buzz_type":"全曲","down_num":"103728","demo_num":"2780415"},{"user_num":"375","create_time":"1544663966","status":"1","id":"665","start_time":"2013-09-30 00:00:00","org_id":"","org_name":"中国移动通信集团天津有限公司","revenue":"952","income":"2115","month":"09","is_channel":"1","detail_report_path":"中国移动通信集团天津有限公司/1309.xls","check_status":"1","buzz_type":"全曲","down_num":"2115","demo_num":"56706"},{"user_num":"409","create_time":"1544663967","status":"1","id":"666","start_time":"2013-10-31 00:00:00","org_id":"","org_name":"中国移动通信集团天津有限公司","revenue":"1021.61","income":"2270","month":"10","is_channel":"1","detail_report_path":"中国移动通信集团天津有限公司/1310.xls","check_status":"1","buzz_type":"全曲","down_num":"2270","demo_num":"60853"},{"user_num":"605","create_time":"1544663967","status":"1","id":"667","start_time":"2013-11-30 00:00:00","org_id":"","org_name":"中国移动通信集团天津有限公司","revenue":"1508.75","income":"3352","month":"11","is_channel":"1","detail_report_path":"中国移动通信集团天津有限公司/1311.xls","check_status":"1","buzz_type":"全曲","down_num":"3352","demo_num":"89870"},{"user_num":"580","create_time":"1544663967","status":"1","id":"668","start_time":"2013-12-31 00:00:00","org_id":"","org_name":"中国移动通信集团天津有限公司","revenue":"1402.5","income":"3116","month":"12","is_channel":"1","detail_report_path":"中国移动通信集团天津有限公司/1312.xls","check_status":"1","buzz_type":"全曲","down_num":"3116","demo_num":"83541"},{"user_num":"804","create_time":"1544663967","status":"1","id":"669","start_time":"2014-01-31 00:00:00","org_id":"","org_name":"中国移动通信集团天津有限公司","revenue":"1955.59","income":"4345","month":"01","is_channel":"1","detail_report_path":"中国移动通信集团天津有限公司/1401.xls","check_status":"1","buzz_type":"全曲","down_num":"4345","demo_num":"116486"},{"user_num":"678","create_time":"1544663967","status":"1","id":"670","start_time":"2014-02-28 00:00:00","org_id":"","org_name":"中国移动通信集团天津有限公司","revenue":"1538.5","income":"3418","month":"02","is_channel":"1","detail_report_path":"中国移动通信集团天津有限公司/1402.xls","check_status":"1","buzz_type":"全曲","down_num":"3418","demo_num":"91642"},{"user_num":"5138","create_time":"1544663967","status":"1","id":"671","start_time":"2014-03-31 00:00:00","org_id":"","org_name":"中国移动通信集团天津有限公司","revenue":"12336.9","income":"27415","month":"03","is_channel":"1","detail_report_path":"中国移动通信集团天津有限公司/1403.xls","check_status":"1","buzz_type":"全曲","down_num":"27415","demo_num":"734859"},{"user_num":"9907","create_time":"1544663968","status":"1","id":"672","start_time":"2014-04-30 00:00:00","org_id":"","org_name":"中国移动通信集团天津有限公司","revenue":"23507.43","income":"52238","month":"04","is_channel":"1","detail_report_path":"中国移动通信集团天津有限公司/1404.xls","check_status":"1","buzz_type":"全曲","down_num":"52238","demo_num":"1400242"},{"user_num":"10901","create_time":"1544663968","status":"1","id":"673","start_time":"2014-05-31 00:00:00","org_id":"","org_name":"中国移动通信集团天津有限公司","revenue":"25710.63","income":"57134","month":"05","is_channel":"1","detail_report_path":"中国移动通信集团天津有限公司/1405.xls","check_status":"1","buzz_type":"全曲","down_num":"57134","demo_num":"1531478"},{"user_num":"12203","create_time":"1544663969","status":"1","id":"674","start_time":"2014-06-30 00:00:00","org_id":"","org_name":"中国移动通信集团天津有限公司","revenue":"29153.03","income":"64784","month":"06","is_channel":"1","detail_report_path":"中国移动通信集团天津有限公司/1406.xls","check_status":"1","buzz_type":"全曲","down_num":"64784","demo_num":"1736528"},{"user_num":"14088","create_time":"1544663969","status":"1","id":"675","start_time":"2014-07-31 00:00:00","org_id":"","org_name":"中国移动通信集团天津有限公司","revenue":"33322.49","income":"74049","month":"07","is_channel":"1","detail_report_path":"中国移动通信集团天津有限公司/1407.xls","check_status":"1","buzz_type":"全曲","down_num":"74049","demo_num":"1984886"},{"user_num":"12691","create_time":"1544663969","status":"1","id":"676","start_time":"2014-08-31 00:00:00","org_id":"","org_name":"中国移动通信集团天津有限公司","revenue":"30112.35","income":"66916","month":"08","is_channel":"1","detail_report_path":"中国移动通信集团天津有限公司/1408.xls","check_status":"1","buzz_type":"全曲","down_num":"66916","demo_num":"1793671"},{"user_num":"6315","create_time":"1544663969","status":"1","id":"677","start_time":"2014-09-30 00:00:00","org_id":"","org_name":"中国移动通信集团天津有限公司","revenue":"15422.92","income":"34273","month":"09","is_channel":"1","detail_report_path":"中国移动通信集团天津有限公司/1409.xls","check_status":"1","buzz_type":"全曲","down_num":"34273","demo_num":"918681"},{"user_num":"7845","create_time":"1544663970","status":"1","id":"678","start_time":"2014-10-31 00:00:00","org_id":"","org_name":"中国移动通信集团天津有限公司","revenue":"18811.77","income":"41803","month":"10","is_channel":"1","detail_report_path":"中国移动通信集团天津有限公司/1410.xls","check_status":"1","buzz_type":"全曲","down_num":"41803","demo_num":"1120541"},{"user_num":"9080","create_time":"1544663970","status":"1","id":"679","start_time":"2014-11-30 00:00:00","org_id":"","org_name":"中国移动通信集团天津有限公司","revenue":"21446.69","income":"47659","month":"11","is_channel":"1","detail_report_path":"中国移动通信集团天津有限公司/1411.xls","check_status":"1","buzz_type":"全曲","down_num":"47659","demo_num":"1277492"},{"user_num":"6641","create_time":"1544663970","status":"1","id":"680","start_time":"2014-12-31 00:00:00","org_id":"","org_name":"中国移动通信集团天津有限公司","revenue":"16089.79","income":"35755","month":"12","is_channel":"1","detail_report_path":"中国移动通信集团天津有限公司/1412.xls","check_status":"1","buzz_type":"全曲","down_num":"35755","demo_num":"958403"},{"user_num":"1718","create_time":"1544663971","status":"1","id":"681","start_time":"2015-01-31 00:00:00","org_id":"","org_name":"中国移动通信集团天津有限公司","revenue":"4177.66","income":"9283","month":"01","is_channel":"1","detail_report_path":"中国移动通信集团天津有限公司/1501.xls","check_status":"1","buzz_type":"全曲","down_num":"9283","demo_num":"248846"},{"user_num":"1304","create_time":"1544663971","status":"1","id":"682","start_time":"2015-02-28 00:00:00","org_id":"","org_name":"中国移动通信集团天津有限公司","revenue":"3130.04","income":"6955","month":"02","is_channel":"1","detail_report_path":"中国移动通信集团天津有限公司/1502.xls","check_status":"1","buzz_type":"全曲","down_num":"6955","demo_num":"186443"},{"user_num":"7584","create_time":"1544663971","status":"1","id":"683","start_time":"2015-03-31 00:00:00","org_id":"","org_name":"中国移动通信集团天津有限公司","revenue":"18299.72","income":"40666","month":"03","is_channel":"1","detail_report_path":"中国移动通信集团天津有限公司/1503.xls","check_status":"1","buzz_type":"全曲","down_num":"40666","demo_num":"1090040"},{"user_num":"7336","create_time":"1544663971","status":"1","id":"684","start_time":"2015-04-30 00:00:00","org_id":"","org_name":"中国移动通信集团天津有限公司","revenue":"17533.63","income":"38963","month":"04","is_channel":"1","detail_report_path":"中国移动通信集团天津有限公司/1504.xls","check_status":"1","buzz_type":"全曲","down_num":"38963","demo_num":"1044407"},{"user_num":"7025","create_time":"1544663972","status":"1","id":"685","start_time":"2015-05-31 00:00:00","org_id":"","org_name":"中国移动通信集团天津有限公司","revenue":"16898.76","income":"37552","month":"05","is_channel":"1","detail_report_path":"中国移动通信集团天津有限公司/1505.xls","check_status":"1","buzz_type":"全曲","down_num":"37552","demo_num":"1006590"},{"user_num":"12078","create_time":"1544663972","status":"1","id":"686","start_time":"2015-06-30 00:00:00","org_id":"","org_name":"中国移动通信集团天津有限公司","revenue":"28558.2","income":"63462","month":"06","is_channel":"1","detail_report_path":"中国移动通信集团天津有限公司/1506.xls","check_status":"1","buzz_type":"全曲","down_num":"63462","demo_num":"1701096"},{"user_num":"7897","create_time":"1544663972","status":"1","id":"687","start_time":"2015-07-31 00:00:00","org_id":"","org_name":"中国移动通信集团天津有限公司","revenue":"18957.38","income":"42127","month":"07","is_channel":"1","detail_report_path":"中国移动通信集团天津有限公司/1507.xls","check_status":"1","buzz_type":"全曲","down_num":"42127","demo_num":"1129214"},{"user_num":"100492","create_time":"1544663973","status":"1","id":"688","start_time":"2015-08-31 00:00:00","org_id":"","org_name":"中国移动通信集团天津有限公司","revenue":"232590.6","income":"516868","month":"08","is_channel":"1","detail_report_path":"中国移动通信集团天津有限公司/1508.xls","check_status":"1","buzz_type":"全曲","down_num":"516868","demo_num":"13854482"},{"user_num":"30775","create_time":"1544663973","status":"1","id":"689","start_time":"2015-09-30 00:00:00","org_id":"","org_name":"中国移动通信集团天津有限公司","revenue":"72463.88","income":"161030","month":"09","is_channel":"1","detail_report_path":"中国移动通信集团天津有限公司/1509.xls","check_status":"1","buzz_type":"全曲","down_num":"161030","demo_num":"4316380"},{"user_num":"52241","create_time":"1544663974","status":"1","id":"690","start_time":"2015-10-31 00:00:00","org_id":"","org_name":"中国移动通信集团天津有限公司","revenue":"120533.19","income":"267851","month":"10","is_channel":"1","detail_report_path":"中国移动通信集团天津有限公司/1510.xls","check_status":"1","buzz_type":"全曲","down_num":"267851","demo_num":"7179675"},{"user_num":"15847","create_time":"1544663974","status":"1","id":"691","start_time":"2015-11-30 00:00:00","org_id":"","org_name":"中国移动通信集团天津有限公司","revenue":"37121.42","income":"82492","month":"11","is_channel":"1","detail_report_path":"中国移动通信集团天津有限公司/1511.xls","check_status":"1","buzz_type":"全曲","down_num":"82492","demo_num":"2211173"},{"user_num":"16810","create_time":"1544663975","status":"1","id":"692","start_time":"2015-12-31 00:00:00","org_id":"","org_name":"中国移动通信集团天津有限公司","revenue":"39463.61","income":"87696","month":"12","is_channel":"1","detail_report_path":"中国移动通信集团天津有限公司/1512.xls","check_status":"1","buzz_type":"全曲","down_num":"87696","demo_num":"2350687"},{"user_num":"75799","create_time":"1544663975","status":"1","id":"693","start_time":"2016-01-31 00:00:00","org_id":"","org_name":"中国移动通信集团天津有限公司","revenue":"175381.18","income":"389735","month":"01","is_channel":"1","detail_report_path":"中国移动通信集团天津有限公司/1601.xls","check_status":"1","buzz_type":"全曲","down_num":"389735","demo_num":"10446748"},{"user_num":"55235","create_time":"1544663976","status":"1","id":"694","start_time":"2016-02-29 00:00:00","org_id":"","org_name":"中国移动通信集团天津有限公司","revenue":"127965.36","income":"284367","month":"02","is_channel":"1","detail_report_path":"中国移动通信集团天津有限公司/1602.xls","check_status":"1","buzz_type":"全曲","down_num":"284367","demo_num":"7622379"},{"user_num":"79272","create_time":"1544663976","status":"1","id":"695","start_time":"2016-03-31 00:00:00","org_id":"","org_name":"中国移动通信集团天津有限公司","revenue":"183556.21","income":"407902","month":"03","is_channel":"1","detail_report_path":"中国移动通信集团天津有限公司/1603.xls","check_status":"1","buzz_type":"全曲","down_num":"407902","demo_num":"10933701"},{"user_num":"54927","create_time":"1544663977","status":"1","id":"696","start_time":"2016-04-30 00:00:00","org_id":"","org_name":"中国移动通信集团天津有限公司","revenue":"126910.97","income":"282024","month":"04","is_channel":"1","detail_report_path":"中国移动通信集团天津有限公司/1604.xls","check_status":"1","buzz_type":"全曲","down_num":"282024","demo_num":"7559573"},{"user_num":"84478","create_time":"1544663977","status":"1","id":"697","start_time":"2016-05-31 00:00:00","org_id":"","org_name":"中国移动通信集团天津有限公司","revenue":"195025.02","income":"433388","month":"05","is_channel":"1","detail_report_path":"中国移动通信集团天津有限公司/1605.xls","check_status":"1","buzz_type":"全曲","down_num":"433388","demo_num":"11616852"},{"user_num":"70775","create_time":"1544663978","status":"1","id":"698","start_time":"2016-06-30 00:00:00","org_id":"","org_name":"中国移动通信集团天津有限公司","revenue":"163607.4","income":"363572","month":"06","is_channel":"1","detail_report_path":"中国移动通信集团天津有限公司/1606.xls","check_status":"1","buzz_type":"全曲","down_num":"363572","demo_num":"9745431"},{"user_num":"29285","create_time":"1544663978","status":"1","id":"699","start_time":"2016-07-31 00:00:00","org_id":"","org_name":"中国移动通信集团天津有限公司","revenue":"67509.38","income":"150020","month":"07","is_channel":"1","detail_report_path":"中国移动通信集团天津有限公司/1607.xls","check_status":"1","buzz_type":"全曲","down_num":"150020","demo_num":"4021261"},{"user_num":"9920","create_time":"1544663978","status":"1","id":"700","start_time":"2012-10-31 00:00:00","org_id":"","org_name":"中国移动通信集团西藏有限公司","revenue":"23397.5","income":"51994","month":"10","is_channel":"1","detail_report_path":"中国移动通信集团西藏有限公司/1210.xls","check_status":"1","buzz_type":"全曲","down_num":"51994","demo_num":"1393694"},{"user_num":"16713","create_time":"1544663979","status":"1","id":"701","start_time":"2012-11-30 00:00:00","org_id":"","org_name":"中国移动通信集团西藏有限公司","revenue":"39197.9","income":"87106","month":"11","is_channel":"1","detail_report_path":"中国移动通信集团西藏有限公司/1211.xls","check_status":"1","buzz_type":"全曲","down_num":"87106","demo_num":"2334860"},{"user_num":"22184","create_time":"1544663979","status":"1","id":"702","start_time":"2012-12-31 00:00:00","org_id":"","org_name":"中国移动通信集团西藏有限公司","revenue":"52241","income":"116091","month":"12","is_channel":"1","detail_report_path":"中国移动通信集团西藏有限公司/1212.xls","check_status":"1","buzz_type":"全曲","down_num":"116091","demo_num":"3111785"},{"user_num":"19276","create_time":"1544663979","status":"1","id":"703","start_time":"2013-01-31 00:00:00","org_id":"","org_name":"中国移动通信集团西藏有限公司","revenue":"45058.3","income":"100129","month":"01","is_channel":"1","detail_report_path":"中国移动通信集团西藏有限公司/1301.xls","check_status":"1","buzz_type":"全曲","down_num":"100129","demo_num":"2683940"},{"user_num":"12821","create_time":"1544663980","status":"1","id":"704","start_time":"2013-02-28 00:00:00","org_id":"","org_name":"中国移动通信集团西藏有限公司","revenue":"30141.3","income":"66980","month":"02","is_channel":"1","detail_report_path":"中国移动通信集团西藏有限公司/1302.xls","check_status":"1","buzz_type":"全曲","down_num":"66980","demo_num":"1795395"},{"user_num":"10139","create_time":"1544663980","status":"1","id":"705","start_time":"2013-03-31 00:00:00","org_id":"","org_name":"中国移动通信集团西藏有限公司","revenue":"24047.8","income":"53439","month":"03","is_channel":"1","detail_report_path":"中国移动通信集团西藏有限公司/1303.xls","check_status":"1","buzz_type":"全曲","down_num":"53439","demo_num":"1432430"},{"user_num":"9077","create_time":"1544663980","status":"1","id":"706","start_time":"2013-04-30 00:00:00","org_id":"","org_name":"中国移动通信集团西藏有限公司","revenue":"21601.3","income":"48002","month":"04","is_channel":"1","detail_report_path":"中国移动通信集团西藏有限公司/1304.xls","check_status":"1","buzz_type":"全曲","down_num":"48002","demo_num":"1286702"},{"user_num":"13049","create_time":"1544663980","status":"1","id":"707","start_time":"2013-05-31 00:00:00","org_id":"","org_name":"中国移动通信集团西藏有限公司","revenue":"31311.7","income":"69581","month":"05","is_channel":"1","detail_report_path":"中国移动通信集团西藏有限公司/1305.xls","check_status":"1","buzz_type":"全曲","down_num":"69581","demo_num":"1865111"},{"user_num":"13800","create_time":"1544663981","status":"1","id":"708","start_time":"2013-06-30 00:00:00","org_id":"","org_name":"中国移动通信集团西藏有限公司","revenue":"32652.2","income":"72560","month":"06","is_channel":"1","detail_report_path":"中国移动通信集团西藏有限公司/1306.xls","check_status":"1","buzz_type":"全曲","down_num":"72560","demo_num":"1944959"},{"user_num":"11443","create_time":"1544663981","status":"1","id":"709","start_time":"2013-07-31 00:00:00","org_id":"","org_name":"中国移动通信集团西藏有限公司","revenue":"27253.8","income":"60564","month":"07","is_channel":"1","detail_report_path":"中国移动通信集团西藏有限公司/1307.xls","check_status":"1","buzz_type":"全曲","down_num":"60564","demo_num":"1623398"},{"user_num":"10650","create_time":"1544663981","status":"1","id":"710","start_time":"2013-08-31 00:00:00","org_id":"","org_name":"中国移动通信集团西藏有限公司","revenue":"25198.6","income":"55996","month":"08","is_channel":"1","detail_report_path":"中国移动通信集团西藏有限公司/1308.xls","check_status":"1","buzz_type":"全曲","down_num":"55996","demo_num":"1500978"},{"user_num":"8879","create_time":"1544663982","status":"1","id":"711","start_time":"2013-09-30 00:00:00","org_id":"","org_name":"中国移动通信集团西藏有限公司","revenue":"21142.8","income":"46984","month":"09","is_channel":"1","detail_report_path":"中国移动通信集团西藏有限公司/1309.xls","check_status":"1","buzz_type":"全曲","down_num":"46984","demo_num":"1259391"},{"user_num":"8729","create_time":"1544663982","status":"1","id":"712","start_time":"2013-10-31 00:00:00","org_id":"","org_name":"中国移动通信集团西藏有限公司","revenue":"20815.2","income":"46256","month":"10","is_channel":"1","detail_report_path":"中国移动通信集团西藏有限公司/1310.xls","check_status":"1","buzz_type":"全曲","down_num":"46256","demo_num":"1239877"},{"user_num":"7791","create_time":"1544663982","status":"1","id":"713","start_time":"2013-11-30 00:00:00","org_id":"","org_name":"中国移动通信集团西藏有限公司","revenue":"18757.9","income":"41684","month":"11","is_channel":"1","detail_report_path":"中国移动通信集团西藏有限公司/1311.xls","check_status":"1","buzz_type":"全曲","down_num":"41684","demo_num":"1117332"},{"user_num":"10859","create_time":"1544663982","status":"1","id":"714","start_time":"2013-12-31 00:00:00","org_id":"","org_name":"中国移动通信集团西藏有限公司","revenue":"25625.6","income":"56945","month":"12","is_channel":"1","detail_report_path":"中国移动通信集团西藏有限公司/1312.xls","check_status":"1","buzz_type":"全曲","down_num":"56945","demo_num":"1526413"},{"user_num":"14631","create_time":"1544663983","status":"1","id":"715","start_time":"2014-01-31 00:00:00","org_id":"","org_name":"中国移动通信集团西藏有限公司","revenue":"34510","income":"76688","month":"01","is_channel":"1","detail_report_path":"中国移动通信集团西藏有限公司/1401.xls","check_status":"1","buzz_type":"全曲","down_num":"76688","demo_num":"2055621"},{"user_num":"12956","create_time":"1544663983","status":"1","id":"716","start_time":"2014-02-28 00:00:00","org_id":"","org_name":"中国移动通信集团西藏有限公司","revenue":"30881.9","income":"68626","month":"02","is_channel":"1","detail_report_path":"中国移动通信集团西藏有限公司/1402.xls","check_status":"1","buzz_type":"全曲","down_num":"68626","demo_num":"1839510"},{"user_num":"9162","create_time":"1544663983","status":"1","id":"717","start_time":"2014-03-31 00:00:00","org_id":"","org_name":"中国移动通信集团西藏有限公司","revenue":"21787.5","income":"48416","month":"03","is_channel":"1","detail_report_path":"中国移动通信集团西藏有限公司/1403.xls","check_status":"1","buzz_type":"全曲","down_num":"48416","demo_num":"1297793"},{"user_num":"6032","create_time":"1544663984","status":"1","id":"718","start_time":"2014-04-30 00:00:00","org_id":"","org_name":"中国移动通信集团西藏有限公司","revenue":"14849.1","income":"32998","month":"04","is_channel":"1","detail_report_path":"中国移动通信集团西藏有限公司/1404.xls","check_status":"1","buzz_type":"全曲","down_num":"32998","demo_num":"884500"},{"user_num":"5486","create_time":"1544663984","status":"1","id":"719","start_time":"2014-05-31 00:00:00","org_id":"","org_name":"中国移动通信集团西藏有限公司","revenue":"13290.9","income":"29535","month":"05","is_channel":"1","detail_report_path":"中国移动通信集团西藏有限公司/1405.xls","check_status":"1","buzz_type":"全曲","down_num":"29535","demo_num":"791685"},{"user_num":"5142","create_time":"1544663984","status":"1","id":"720","start_time":"2014-06-30 00:00:00","org_id":"","org_name":"中国移动通信集团西藏有限公司","revenue":"12191.2","income":"27091","month":"06","is_channel":"1","detail_report_path":"中国移动通信集团西藏有限公司/1406.xls","check_status":"1","buzz_type":"全曲","down_num":"27091","demo_num":"726180"},{"user_num":"4977","create_time":"1544663984","status":"1","id":"721","start_time":"2014-07-31 00:00:00","org_id":"","org_name":"中国移动通信集团西藏有限公司","revenue":"11808.3","income":"26240","month":"07","is_channel":"1","detail_report_path":"中国移动通信集团西藏有限公司/1407.xls","check_status":"1","buzz_type":"全曲","down_num":"26240","demo_num":"703372"},{"user_num":"5328","create_time":"1544663985","status":"1","id":"722","start_time":"2014-08-31 00:00:00","org_id":"","org_name":"中国移动通信集团西藏有限公司","revenue":"12617.5","income":"28038","month":"08","is_channel":"1","detail_report_path":"中国移动通信集团西藏有限公司/1408.xls","check_status":"1","buzz_type":"全曲","down_num":"28038","demo_num":"751573"},{"user_num":"5605","create_time":"1544663985","status":"1","id":"723","start_time":"2014-09-30 00:00:00","org_id":"","org_name":"中国移动通信集团西藏有限公司","revenue":"13653.5","income":"30341","month":"09","is_channel":"1","detail_report_path":"中国移动通信集团西藏有限公司/1409.xls","check_status":"1","buzz_type":"全曲","down_num":"30341","demo_num":"813283"},{"user_num":"5484","create_time":"1544663985","status":"1","id":"724","start_time":"2014-10-31 00:00:00","org_id":"","org_name":"中国移动通信集团西藏有限公司","revenue":"13239.1","income":"29420","month":"10","is_channel":"1","detail_report_path":"中国移动通信集团西藏有限公司/1410.xls","check_status":"1","buzz_type":"全曲","down_num":"29420","demo_num":"788599"},{"user_num":"5546","create_time":"1544663985","status":"1","id":"725","start_time":"2014-11-30 00:00:00","org_id":"","org_name":"中国移动通信集团西藏有限公司","revenue":"13216.69","income":"29370","month":"11","is_channel":"1","detail_report_path":"中国移动通信集团西藏有限公司/1411.xls","check_status":"1","buzz_type":"全曲","down_num":"29370","demo_num":"787264"},{"user_num":"5994","create_time":"1544663986","status":"1","id":"726","start_time":"2014-12-31 00:00:00","org_id":"","org_name":"中国移动通信集团西藏有限公司","revenue":"14385.71","income":"31968","month":"12","is_channel":"1","detail_report_path":"中国移动通信集团西藏有限公司/1412.xls","check_status":"1","buzz_type":"全曲","down_num":"31968","demo_num":"856898"},{"user_num":"5622","create_time":"1544663986","status":"1","id":"727","start_time":"2015-01-31 00:00:00","org_id":"","org_name":"中国移动通信集团西藏有限公司","revenue":"13363","income":"29695","month":"01","is_channel":"1","detail_report_path":"中国移动通信集团西藏有限公司/1501.xls","check_status":"1","buzz_type":"全曲","down_num":"29695","demo_num":"795979"},{"user_num":"4865","create_time":"1544663986","status":"1","id":"728","start_time":"2015-02-28 00:00:00","org_id":"","org_name":"中国移动通信集团西藏有限公司","revenue":"11778.2","income":"26173","month":"02","is_channel":"1","detail_report_path":"中国移动通信集团西藏有限公司/1502.xls","check_status":"1","buzz_type":"全曲","down_num":"26173","demo_num":"701579"},{"user_num":"4502","create_time":"1544663986","status":"1","id":"729","start_time":"2015-03-31 00:00:00","org_id":"","org_name":"中国移动通信集团西藏有限公司","revenue":"10752","income":"23893","month":"03","is_channel":"1","detail_report_path":"中国移动通信集团西藏有限公司/1503.xls","check_status":"1","buzz_type":"全曲","down_num":"23893","demo_num":"640453"},{"user_num":"4026","create_time":"1544663987","status":"1","id":"730","start_time":"2015-04-30 00:00:00","org_id":"","org_name":"中国移动通信集团西藏有限公司","revenue":"9751.7","income":"21670","month":"04","is_channel":"1","detail_report_path":"中国移动通信集团西藏有限公司/1504.xls","check_status":"1","buzz_type":"全曲","down_num":"21670","demo_num":"580869"},{"user_num":"3784","create_time":"1544663987","status":"1","id":"731","start_time":"2015-05-31 00:00:00","org_id":"","org_name":"中国移动通信集团西藏有限公司","revenue":"9226","income":"20502","month":"05","is_channel":"1","detail_report_path":"中国移动通信集团西藏有限公司/1505.xls","check_status":"1","buzz_type":"全曲","down_num":"20502","demo_num":"549555"},{"user_num":"4457","create_time":"1544663987","status":"1","id":"732","start_time":"2015-06-30 00:00:00","org_id":"","org_name":"中国移动通信集团西藏有限公司","revenue":"10533.6","income":"23408","month":"06","is_channel":"1","detail_report_path":"中国移动通信集团西藏有限公司/1506.xls","check_status":"1","buzz_type":"全曲","down_num":"23408","demo_num":"627444"},{"user_num":"3938","create_time":"1544663987","status":"1","id":"733","start_time":"2015-07-31 00:00:00","org_id":"","org_name":"中国移动通信集团西藏有限公司","revenue":"9441.6","income":"20981","month":"07","is_channel":"1","detail_report_path":"中国移动通信集团西藏有限公司/1507.xls","check_status":"1","buzz_type":"全曲","down_num":"20981","demo_num":"562397"},{"user_num":"3646","create_time":"1544663987","status":"1","id":"734","start_time":"2015-08-31 00:00:00","org_id":"","org_name":"中国移动通信集团西藏有限公司","revenue":"8944.6","income":"19876","month":"08","is_channel":"1","detail_report_path":"中国移动通信集团西藏有限公司/1508.xls","check_status":"1","buzz_type":"全曲","down_num":"19876","demo_num":"532793"},{"user_num":"3181","create_time":"1544663988","status":"1","id":"735","start_time":"2015-09-30 00:00:00","org_id":"","org_name":"中国移动通信集团西藏有限公司","revenue":"7835.81","income":"17412","month":"09","is_channel":"1","detail_report_path":"中国移动通信集团西藏有限公司/1509.xls","check_status":"1","buzz_type":"全曲","down_num":"17412","demo_num":"466747"},{"user_num":"3050","create_time":"1544663988","status":"1","id":"736","start_time":"2015-10-31 00:00:00","org_id":"","org_name":"中国移动通信集团西藏有限公司","revenue":"7506.1","income":"16680","month":"10","is_channel":"1","detail_report_path":"中国移动通信集团西藏有限公司/1510.xls","check_status":"1","buzz_type":"全曲","down_num":"16680","demo_num":"447108"},{"user_num":"3605","create_time":"1544663988","status":"1","id":"737","start_time":"2015-11-30 00:00:00","org_id":"","org_name":"中国移动通信集团西藏有限公司","revenue":"8797.6","income":"19550","month":"11","is_channel":"1","detail_report_path":"中国移动通信集团西藏有限公司/1511.xls","check_status":"1","buzz_type":"全曲","down_num":"19550","demo_num":"524037"},{"user_num":"3262","create_time":"1544663988","status":"1","id":"738","start_time":"2015-12-31 00:00:00","org_id":"","org_name":"中国移动通信集团西藏有限公司","revenue":"7936.6","income":"17636","month":"12","is_channel":"1","detail_report_path":"中国移动通信集团西藏有限公司/1512.xls","check_status":"1","buzz_type":"全曲","down_num":"17636","demo_num":"472751"},{"user_num":"2775","create_time":"1544663989","status":"1","id":"739","start_time":"2016-01-31 00:00:00","org_id":"","org_name":"中国移动通信集团西藏有限公司","revenue":"6766.2","income":"15036","month":"01","is_channel":"1","detail_report_path":"中国移动通信集团西藏有限公司/1601.xls","check_status":"1","buzz_type":"全曲","down_num":"15036","demo_num":"403035"},{"user_num":"2867","create_time":"1544663989","status":"1","id":"740","start_time":"2016-02-29 00:00:00","org_id":"","org_name":"中国移动通信集团西藏有限公司","revenue":"7102.9","income":"15784","month":"02","is_channel":"1","detail_report_path":"中国移动通信集团西藏有限公司/1602.xls","check_status":"1","buzz_type":"全曲","down_num":"15784","demo_num":"423091"},{"user_num":"2881","create_time":"1544663989","status":"1","id":"741","start_time":"2016-03-31 00:00:00","org_id":"","org_name":"中国移动通信集团西藏有限公司","revenue":"6946.1","income":"15435","month":"03","is_channel":"1","detail_report_path":"中国移动通信集团西藏有限公司/1603.xls","check_status":"1","buzz_type":"全曲","down_num":"15435","demo_num":"413751"},{"user_num":"2695","create_time":"1544663989","status":"1","id":"742","start_time":"2016-04-30 00:00:00","org_id":"","org_name":"中国移动通信集团西藏有限公司","revenue":"6443.29","income":"14318","month":"04","is_channel":"1","detail_report_path":"中国移动通信集团西藏有限公司/1604.xls","check_status":"1","buzz_type":"全曲","down_num":"14318","demo_num":"383800"},{"user_num":"2580","create_time":"1544663989","status":"1","id":"743","start_time":"2016-05-31 00:00:00","org_id":"","org_name":"中国移动通信集团西藏有限公司","revenue":"6110.31","income":"13578","month":"05","is_channel":"1","detail_report_path":"中国移动通信集团西藏有限公司/1605.xls","check_status":"1","buzz_type":"全曲","down_num":"13578","demo_num":"363966"},{"user_num":"3212","create_time":"1544663990","status":"1","id":"744","start_time":"2016-06-30 00:00:00","org_id":"","org_name":"中国移动通信集团西藏有限公司","revenue":"7823.2","income":"17384","month":"06","is_channel":"1","detail_report_path":"中国移动通信集团西藏有限公司/1606.xls","check_status":"1","buzz_type":"全曲","down_num":"17384","demo_num":"465996"},{"user_num":"2442","create_time":"1544663990","status":"1","id":"745","start_time":"2016-07-31 00:00:00","org_id":"","org_name":"中国移动通信集团西藏有限公司","revenue":"5792.5","income":"12872","month":"07","is_channel":"1","detail_report_path":"中国移动通信集团西藏有限公司/1607.xls","check_status":"1","buzz_type":"全曲","down_num":"12872","demo_num":"345035"},{"user_num":"125198","create_time":"1544663991","status":"1","id":"746","start_time":"2017-01-31 00:00:00","org_id":"","org_name":"中移互联网有限公司","revenue":"291098.91","income":"646886","month":"01","is_channel":"1","detail_report_path":"中移互联网有限公司/1701.xls","check_status":"1","buzz_type":"全曲","down_num":"646886","demo_num":"17339586"},{"user_num":"67558","create_time":"1544663991","status":"1","id":"747","start_time":"2017-02-28 00:00:00","org_id":"","org_name":"中移互联网有限公司","revenue":"156745.57","income":"348323","month":"02","is_channel":"1","detail_report_path":"中移互联网有限公司/1702.xls","check_status":"1","buzz_type":"全曲","down_num":"348323","demo_num":"9336700"},{"user_num":"131639","create_time":"1544663992","status":"1","id":"748","start_time":"2017-03-31 00:00:00","org_id":"","org_name":"中移互联网有限公司","revenue":"305533.16","income":"678962","month":"03","is_channel":"1","detail_report_path":"中移互联网有限公司/1703.xls","check_status":"1","buzz_type":"全曲","down_num":"678962","demo_num":"18199375"},{"user_num":"70805","create_time":"1544663993","status":"1","id":"749","start_time":"2017-04-30 00:00:00","org_id":"","org_name":"中移互联网有限公司","revenue":"164517.85","income":"365595","month":"04","is_channel":"1","detail_report_path":"中移互联网有限公司/1704.xls","check_status":"1","buzz_type":"全曲","down_num":"365595","demo_num":"9799663"},{"user_num":"155926","create_time":"1544663993","status":"1","id":"750","start_time":"2017-05-31 00:00:00","org_id":"","org_name":"中移互联网有限公司","revenue":"360908.64","income":"802019","month":"05","is_channel":"1","detail_report_path":"中移互联网有限公司/1705.xls","check_status":"1","buzz_type":"全曲","down_num":"802019","demo_num":"21497869"},{"user_num":"84314","create_time":"1544663994","status":"1","id":"751","start_time":"2017-06-30 00:00:00","org_id":"","org_name":"中移互联网有限公司","revenue":"194335.42","income":"431856","month":"06","is_channel":"1","detail_report_path":"中移互联网有限公司/1706.xls","check_status":"1","buzz_type":"全曲","down_num":"431856","demo_num":"11575775"},{"user_num":"148532","create_time":"1544663995","status":"1","id":"752","start_time":"2017-07-31 00:00:00","org_id":"","org_name":"中移互联网有限公司","revenue":"344378.46","income":"765285","month":"07","is_channel":"1","detail_report_path":"中移互联网有限公司/1707.xls","check_status":"1","buzz_type":"全曲","down_num":"765285","demo_num":"20513233"},{"user_num":"80356","create_time":"1544663995","status":"1","id":"753","start_time":"2017-08-31 00:00:00","org_id":"","org_name":"中移互联网有限公司","revenue":"185434.56","income":"412076","month":"08","is_channel":"1","detail_report_path":"中移互联网有限公司/1708.xls","check_status":"1","buzz_type":"全曲","down_num":"412076","demo_num":"11045587"},{"user_num":"167484","create_time":"1544663996","status":"1","id":"754","start_time":"2017-09-30 00:00:00","org_id":"","org_name":"中移互联网有限公司","revenue":"386148.32","income":"858107","month":"09","is_channel":"1","detail_report_path":"中移互联网有限公司/1709.xls","check_status":"1","buzz_type":"全曲","down_num":"858107","demo_num":"23001295"},{"user_num":"90126","create_time":"1544663997","status":"1","id":"755","start_time":"2017-10-31 00:00:00","org_id":"","org_name":"中移互联网有限公司","revenue":"207926.02","income":"462057","month":"10","is_channel":"1","detail_report_path":"中移互联网有限公司/1710.xls","check_status":"1","buzz_type":"全曲","down_num":"462057","demo_num":"12385312"},{"user_num":"36","create_time":"1544663997","status":"1","id":"756","start_time":"2013-09-30 00:00:00","org_id":"","org_name":"中国电信股份有限公司东莞分公司","revenue":"303.75","income":"675","month":"09","is_channel":"1","detail_report_path":"中国电信股份有限公司东莞分公司/1309.xls","check_status":"1","buzz_type":"全曲","down_num":"675","demo_num":"18093"},{"user_num":"1365","create_time":"1544663997","status":"1","id":"757","start_time":"2013-10-31 00:00:00","org_id":"","org_name":"中国电信股份有限公司东莞分公司","revenue":"3206.25","income":"7125","month":"10","is_channel":"1","detail_report_path":"中国电信股份有限公司东莞分公司/1310.xls","check_status":"1","buzz_type":"全曲","down_num":"7125","demo_num":"190983"},{"user_num":"1326","create_time":"1544663997","status":"1","id":"758","start_time":"2013-11-30 00:00:00","org_id":"","org_name":"中国电信股份有限公司东莞分公司","revenue":"3161.25","income":"7025","month":"11","is_channel":"1","detail_report_path":"中国电信股份有限公司东莞分公司/1311.xls","check_status":"1","buzz_type":"全曲","down_num":"7025","demo_num":"188302"},{"user_num":"1138","create_time":"1544663998","status":"1","id":"759","start_time":"2013-12-31 00:00:00","org_id":"","org_name":"中国电信股份有限公司东莞分公司","revenue":"2711.25","income":"6025","month":"12","is_channel":"1","detail_report_path":"中国电信股份有限公司东莞分公司/1312.xls","check_status":"1","buzz_type":"全曲","down_num":"6025","demo_num":"161498"},{"user_num":"448","create_time":"1544663998","status":"1","id":"760","start_time":"2014-01-31 00:00:00","org_id":"","org_name":"中国电信股份有限公司东莞分公司","revenue":"1107","income":"2460","month":"01","is_channel":"1","detail_report_path":"中国电信股份有限公司东莞分公司/1401.xls","check_status":"1","buzz_type":"全曲","down_num":"2460","demo_num":"65939"},{"user_num":"47","create_time":"1544663998","status":"1","id":"761","start_time":"2014-05-31 00:00:00","org_id":"","org_name":"中国电信股份有限公司东莞分公司","revenue":"320.47","income":"712","month":"05","is_channel":"1","detail_report_path":"中国电信股份有限公司东莞分公司/1405.xls","check_status":"1","buzz_type":"全曲","down_num":"712","demo_num":"19089"},{"user_num":"800","create_time":"1544663998","status":"1","id":"762","start_time":"2013-10-31 00:00:00","org_id":"","org_name":"中国移动通信集团广东有限公司阳江分公司","revenue":"1935","income":"4300","month":"10","is_channel":"1","detail_report_path":"中国移动通信集团广东有限公司阳江分公司/1310.xls","check_status":"1","buzz_type":"全曲","down_num":"4300","demo_num":"115260"},{"user_num":"928","create_time":"1544663998","status":"1","id":"763","start_time":"2014-01-31 00:00:00","org_id":"","org_name":"中国移动通信集团广东有限公司阳江分公司","revenue":"2205","income":"4900","month":"01","is_channel":"1","detail_report_path":"中国移动通信集团广东有限公司阳江分公司/1401.xls","check_status":"1","buzz_type":"全曲","down_num":"4900","demo_num":"131342"},{"user_num":"387","create_time":"1544663999","status":"1","id":"764","start_time":"2014-04-30 00:00:00","org_id":"","org_name":"中国移动通信集团广东有限公司阳江分公司","revenue":"990","income":"2200","month":"04","is_channel":"1","detail_report_path":"中国移动通信集团广东有限公司阳江分公司/1404.xls","check_status":"1","buzz_type":"全曲","down_num":"2200","demo_num":"58970"},{"user_num":"395","create_time":"1544663999","status":"1","id":"765","start_time":"2014-06-30 00:00:00","org_id":"","org_name":"中国移动通信集团广东有限公司阳江分公司","revenue":"990","income":"2200","month":"06","is_channel":"1","detail_report_path":"中国移动通信集团广东有限公司阳江分公司/1406.xls","check_status":"1","buzz_type":"全曲","down_num":"2200","demo_num":"58970"},{"user_num":"40","create_time":"1544663999","status":"1","id":"766","start_time":"2014-07-31 00:00:00","org_id":"","org_name":"中国移动通信集团广东有限公司阳江分公司","revenue":"270","income":"600","month":"07","is_channel":"1","detail_report_path":"中国移动通信集团广东有限公司阳江分公司/1407.xls","check_status":"1","buzz_type":"全曲","down_num":"600","demo_num":"16082"},{"user_num":"31","create_time":"1544663999","status":"1","id":"767","start_time":"2014-08-31 00:00:00","org_id":"","org_name":"中国移动通信集团广东有限公司阳江分公司","revenue":"495","income":"1100","month":"08","is_channel":"1","detail_report_path":"中国移动通信集团广东有限公司阳江分公司/1408.xls","check_status":"1","buzz_type":"全曲","down_num":"1100","demo_num":"29485"}]